@article{Heckman1977,
    title = {{A Beta-logistic Model for the Analysis of Sequential Labor Force Participation by Married Women}},
    year = {1977},
    journal = {Journal of Political Economy},
    author = {Heckman, James J. and Willis, Robert J.},
    number = {1},
    month = {2},
    pages = {27},
    volume = {85},
    url = {http://www.journals.uchicago.edu/doi/10.1086/260544},
    doi = {10.1086/260544},
    issn = {0022-3808}
}

@article{Erdem1996,
    title = {{A dynamic analysis of market structure based on panel data}},
    year = {1996},
    journal = {Marketing Science},
    author = {Erdem, Tulin},
    number = {4},
    pages = {359--378},
    volume = {15},
    url = {http://www.jstor.org/stable/184170 http://about.jstor.org/terms},
    isbn = {0732-2399},
    doi = {10.1287/mksc.15.4.359},
    issn = {0732-2399},
    keywords = {(Brand Choice, Buyer Behavior, Econometric Models, Market}
}

@article{Aguirregabiria2012,
    title = {{A dynamic oligopoly game of the US airline industry: Estimation and policy experiments}},
    year = {2012},
    journal = {Journal of Econometrics},
    author = {Aguirregabiria, Victor and Ho, Chun Yu},
    number = {1},
    pages = {156--173},
    volume = {168},
    publisher = {Elsevier B.V.},
    url = {http://www.sciencedirect.com/science/article/pii/S030440761100176X http://dx.doi.org/10.1016/j.jeconom.2011.09.013},
    isbn = {03044076},
    doi = {10.1016/j.jeconom.2011.09.013},
    issn = {03044076},
    pmid = {1297208},
    keywords = {Airline industry, Counterfactual experiments, Estimation of dynamic games, Hub-and-spoke networks, Industry dynamics, Network competition}
}

@unpublished{Rothwell1995,
    title = {{A Dynamic Programming Model of U.S. Nuclear Power Plant Operations}},
    year = {1995},
    booktitle = {Microeconomics},
    author = {Rothwell, Geoffrey and Rust, John},
    number = {September 2014},
    url = {http://ideas.repec.org/p/wpa/wuwpmi/9502001.html},
    keywords = {23748667, a dynamic programming model, and author profiles for, article, discussions, https, march 1995, net, nuclear, of u, power plant operations, publication, researchgate, s, stats, this publication at, www}
}

@article{Doraszelski2007,
    title = {{A Framework for Applied Dynamic Analysis in IO}},
    year = {2007},
    journal = {Handbook of Industrial Organization},
    author = {Doraszelski, Ulrich and Pakes, Ariel},
    number = {December 2007},
    pages = {1887--1966},
    volume = {3},
    url = {https://www.researchgate.net/profile/Ariel_Pakes/publication/222684151_A_Framework_for_Applied_Dynamic_Analysis_in_IO/links/53eeb8bd0cf26b9b7dcdd971/A-Framework-for-Applied-Dynamic-Analysis-in-IO.pdf http://linkinghub.elsevier.com/retrieve/pii/S1573448X06},
    isbn = {9780444824356},
    doi = {10.1016/S1573-448X(06)03030-5},
    issn = {1573448X},
    pmid = {3915950704384090875},
    keywords = {Applications, Computational techniques, Dynamic oligopoly, Markov perfect equilibrium, Multiple equilibria}
}

@inproceedings{Liu2017,
    title = {{A Generalized Dynamic Discrete Choice Model for Green Vehicle Adoption}},
    year = {2017},
    booktitle = {Transportation Research Procedia},
    author = {Liu, Yan and Cirillo, Cinzia},
    month = {1},
    pages = {868--886},
    volume = {23},
    publisher = {Elsevier},
    url = {https://www.sciencedirect.com/science/article/pii/S2352146517303265},
    doi = {10.1016/j.trpro.2017.05.048},
    issn = {23521465},
    keywords = {Auto-regressive process, Consumer stopping problem, Dynamic discrete choice models, Electric vehicle, Green vehicle adoption}
}

@article{Pakes1995,
    title = {{A limit theorem for a smooth class of semiparametric estimators}},
    year = {1995},
    journal = {Journal of Econometrics},
    author = {Pakes, Ariel and Olley, Steven},
    number = {1},
    month = {1},
    pages = {295--332},
    volume = {65},
    url = {http://linkinghub.elsevier.com/retrieve/pii/030440769401605Y},
    doi = {10.1016/0304-4076(94)01605-Y},
    issn = {03044076},
    keywords = {Selection and simultaneity biases in production fu, Semiparametric m-estimators}
}

@article{Aguirregabiria2012a,
    title = {{A method for implementing counterfactual experiments in models with multiple equilibria}},
    year = {2012},
    journal = {Economics Letters},
    author = {Aguirregabiria, Victor},
    number = {2},
    month = {2},
    pages = {190--194},
    volume = {114},
    publisher = {North-Holland},
    url = {http://www.sciencedirect.com/science/article/pii/S0165176511003703},
    doi = {10.1016/j.econlet.2011.09.041},
    issn = {01651765},
    keywords = {Counterfactual experiments, Equilibrium selection, Homotopy methods, Structural models with multiple equilibria}
}

@article{Mcfadden1989,
    title = {{A Method of Simulated Moments for Estimation of Discrete Response Models Without Numerical Integration}},
    year = {1989},
    journal = {Econometrica},
    author = {Mcfadden, Daniel},
    number = {5},
    pages = {995--1026},
    volume = {57},
    url = {http://www.jstor.org/stable/1913621}
}

@article{Araujo2007,
    title = {{A model of mixed signals with applications to countersignalling}},
    year = {2007},
    journal = {The RAND Journal of Economics},
    author = {Araujo, Aloisio and Gottlieb, Daniel and Moreira, Humberto},
    number = {4},
    month = {12},
    pages = {1020--1043},
    volume = {38},
    publisher = {Blackwell Publishing Inc},
    url = {http://doi.wiley.com/10.1111/j.0741-6261.2007.00124.x},
    doi = {10.1111/j.0741-6261.2007.00124.x},
    issn = {07416261}
}

@article{Kamakura1989,
    title = {{A probabilistic choice model for market segmentation and elasticity structure}},
    year = {1989},
    journal = {Journal of Marketing Research},
    author = {Kamakura, Wagner and Russell, Gary},
    number = {4},
    pages = {379--390},
    volume = {26},
    url = {https://papers.ssrn.com/sol3/papers.cfm?abstract_id=2428442 http://www.jstor.org/stable/3172759},
    isbn = {00222437},
    doi = {10.2307/3172759},
    issn = {00222437},
    pmid = {20471328},
    keywords = {brand choice, brand mobility, consumer preference, elasticity, market segmentation, pricing}
}

@article{Lindsay1995,
    title = {{A review of semiparametric mixture models}},
    year = {1995},
    journal = {Journal of Statistical Planning and Inference},
    author = {Lindsay, Bruce G. and Lesperance, Mary L},
    number = {1-2},
    pages = {29--39},
    volume = {47},
    doi = {10.1016/0378-3758(94)00120-K},
    issn = {03783758}
}

@article{Musacchio2009,
    title = {{A two-sided market analysis of provider investment incentives with an application to the net-neutrality issue}},
    year = {2009},
    journal = {Review of Network Economics},
    author = {Musacchio, J and Schwartz, G and Walrand, J},
    url = {http://www.degruyter.com/view/j/rne.2009.8.1/rne.2009.8.1.1168/rne.2009.8.1.1168.xml}
}

@article{Doraszelski2008,
    title = {{Advertising dynamics and competitive advantage}},
    year = {2008},
    journal = {The RAND Journal of Economics},
    author = {Doraszelski, Ulrich and Markovich, Sarit},
    number = {3},
    month = {1},
    pages = {557--592},
    volume = {38},
    publisher = {Wiley/Blackwell (10.1111)},
    url = {http://doi.wiley.com/10.1111/j.0741-6261.2007.00101.x},
    doi = {10.1111/j.0741-6261.2007.00101.x}
}

@article{Michaels2011,
    title = {{An Analysis of Visa and MasterCard Merchant Restraints}},
    year = {2011},
    journal = {The Canadian Bar Association},
    author = {Michaels, Daniel},
    number = {416},
    url = {http://www.cba.org/ABC/sections_competition_f/PDF/WINNER Credit Card Merchant Restraints Competition Essay.pdf}
}

@article{Abraham2017,
    title = {{An Approach Based on Generalized Nash Games and Shared Constraints for Discrete Time Dynamic Games}},
    year = {2017},
    journal = {Dynamic Games and Applications},
    author = {Abraham, Mathew and Kulkarni, Ankur},
    month = {9},
    pages = {1--30},
    publisher = {Springer US},
    url = {http://link.springer.com/10.1007/s13235-017-0231-9},
    doi = {10.1007/s13235-017-0231-9},
    issn = {2153-0785}
}

@article{Austen-Smith2005,
    title = {{An Economic Analysis of "Acting White"}},
    year = {2005},
    journal = {Source: The Quarterly Journal of Economics},
    author = {Austen-Smith, David and Fryer, Roland G},
    number = {2},
    pages = {551--583},
    volume = {120},
    url = {http://www.jstor.org/stable/25098746 http://about.jstor.org/terms http://www.jstor.org/stable/25098746%0Ahttp://about.jstor.org/terms}
}

@article{Rysman2007,
    title = {{AN EMPIRICAL ANALYSIS OF PAYMENT CARD USAGE}},
    year = {2007},
    journal = {Journal of Industrial Economics},
    author = {Rysman, Marc},
    number = {1},
    month = {3},
    pages = {1--36},
    volume = {55},
    publisher = {Blackwell Publishing Ltd},
    url = {http://doi.wiley.com/10.1111/j.1467-6451.2007.00301.x},
    doi = {10.1111/j.1467-6451.2007.00301.x},
    issn = {0022-1821}
}

@article{Dube2005,
    title = {{An empirical model of advertising dynamics}},
    year = {2005},
    journal = {Quantitative Marketing and Economics},
    author = {Dub{\'{e}}, Jean Pierre and Hitsch, GÃ¼nter J. and Manchanda, Puneet},
    number = {2},
    pages = {107--144},
    volume = {3},
    isbn = {15707156},
    doi = {10.1007/s11129-005-0334-2},
    issn = {15707156},
    keywords = {Advertising, Dynamic oligopoly, Markov perfect equilibrium, Pulsing}
}

@article{Seim2006,
    title = {{An Empirical Model of Firm Entry with Endogenous Product-Type Choices}},
    year = {2006},
    journal = {Source: The RAND Journal of Economics RAND Journal of Economics},
    author = {Seim, Katja},
    number = {3},
    pages = {619--640},
    volume = {3718966102},
    url = {http://www.jstor.org/stable/25046263 http://about.jstor.org/terms},
    isbn = {07416261},
    doi = {10.1111/j.1756-2171.2006.tb00034.x},
    issn = {07416261}
}

@inproceedings{Aguirregabiria2007a,
    title = {{An estimable dynamic model of entry, exit, and growth in oligopoly retail markets}},
    year = {2007},
    booktitle = {American Economic Review},
    author = {Aguirregabiria, Victor and Mira, Pedro and Roman, Hernan},
    number = {2},
    pages = {449--454},
    volume = {97},
    doi = {10.1257/aer.97.2.449},
    issn = {00028282}
}

@article{Aguirregabiria2010b,
    title = {{Another Look at the Identification of Dynamic Discrete Decision Processes: An Application to Retirement Behavior}},
    year = {2010},
    author = {Aguirregabiria, Victor},
    url = {http://www.tandfonline.com/action/journalInformation?journalCode=ubes20},
    doi = {10.1198/jbes.2009.07072},
    keywords = {Counterfactual policy interventions, Dynamic discrete decision processes, Nonparametric identification, Retirement behavior}
}

@article{Arellano1995,
    title = {{Another look at the instrumental variable estimation of error-components models}},
    year = {1995},
    journal = {Journal of Econometrics},
    author = {Arellano, Manuel and Bover, Olympia},
    number = {1},
    month = {7},
    pages = {29--51},
    volume = {68},
    doi = {10.1016/0304-4076(94)01642-D},
    issn = {03044076}
}

@article{Todd2006,
    title = {{Assessing the Impact of a School Subsidy Program in Mexico : Using a Soc Experiment to Validate a Dynam Fertility Behavioral Model of Child Schooling}},
    year = {2006},
    journal = {The American Economic Review},
    author = {Todd, Petra E and Wolpin, Kenneth I},
    number = {5},
    pages = {1384--1417},
    volume = {96},
    url = {https://eml.berkeley.edu/~webfac/bardhan/e271_sp03/todd.pdf},
    isbn = {00028282},
    doi = {10.1257/aer.96.5.1384},
    issn = {0002-8282}
}

@article{Chernoff1995,
    title = {{Asymptotic distribution of the likelihood ratio test that a mixture of two binomials is a single binomial}},
    year = {1995},
    journal = {Journal of Statistical Planning and Inference},
    author = {Chernoff, Herman and Lander, Eric},
    number = {1-2},
    month = {1},
    pages = {19--40},
    volume = {43},
    publisher = {North-Holland},
    url = {http://www.sciencedirect.com/science/article/pii/037837589400006H},
    doi = {10.1016/0378-3758(94)00006-H}
}

@article{Presendorfer2008,
    title = {{Asymptotic least squares estimators for dynamic games}},
    year = {2008},
    journal = {Review of Economic Studies},
    author = {Presendorfer, Martin and Schmidt-Dengler, Philipp},
    number = {3},
    month = {7},
    pages = {901--928},
    volume = {75},
    publisher = {Oxford University Press},
    url = {https://academic.oup.com/restud/article-lookup/doi/10.1111/j.1467-937X.2008.00496.x},
    isbn = {0034-6527},
    doi = {10.1111/j.1467-937X.2008.00496.x},
    issn = {00346527}
}

@article{Garel2005,
    title = {{Asymptotic theory of the likelihood ratio test for the identification of a mixture}},
    year = {2005},
    journal = {Journal of Statistical Planning and Inference},
    author = {Garel, Bernard},
    number = {2},
    month = {5},
    pages = {271--296},
    volume = {131},
    publisher = {North-Holland},
    url = {http://www.sciencedirect.com/science/article/pii/S0378375804000801},
    doi = {10.1016/J.JSPI.2004.01.006}
}

@article{Liu2003,
    title = {{Asymptotics for likelihood ratio tests under loss of identifiability}},
    year = {2003},
    journal = {Annals of Statistics},
    author = {Liu, Xin and Shao, Yongzhao},
    number = {3},
    pages = {807--832},
    volume = {31},
    doi = {10.1214/aos/1056562463},
    issn = {00905364},
    keywords = {Donsker class, Finite mixture model, Hellinger distance, Likelihood ratio test, Loss of identifiability}
}

@article{Schrimpf2006b,
    title = {{Auctions Auctions}},
    year = {2006},
    journal = {Selling},
    author = {Schrimpf, Paul},
    pages = {1--144}
}

@article{Berry1995,
    title = {{Automobile Prices in Market Equilibrium}},
    year = {1995},
    journal = {Econometrica: Journal of the Econometric Society},
    author = {Berry, Steven and Levinsohn, James and Pakes, Ariel},
    number = {4},
    pages = {841--890},
    volume = {63},
    url = {http://www.jstor.org/stable/2171802 http://www.jstor.org/stable/2171802},
    keywords = {Demand and supply, aggregation, automobiles, differentiated products, discrete choice, simultaneity}
}

@article{Doraszelski2006,
    title = {{Avoiding the curse of dimensionality in dynamic stochastic games}},
    year = {2006},
    journal = {NBER Working Paper},
    author = {Doraszelski, U and Judd, K},
    url = {http://users.econ.umn.edu/~holmes/class/2007f8601/papers/dorazelski_judd.pdf}
}

@article{Jiang2009,
    title = {{Bayesian analysis of random coefficient logit models using aggregate data}},
    year = {2009},
    journal = {Journal of Econometrics},
    author = {Jiang, Renna and Manchanda, Puneet and Rossi, Peter E.},
    number = {2},
    pages = {136--148},
    volume = {149},
    doi = {10.1016/j.jeconom.2008.12.010},
    issn = {03044076}
}

@article{Einav2010a,
    title = {{Beyond Testing: Empirical Models of Insurance Markets}},
    year = {2010},
    journal = {Annual Review of Economics},
    author = {Einav, Liran and Finkelstein, Amy and Levin, Jonathan},
    number = {1},
    month = {9},
    pages = {311--336},
    volume = {2},
    publisher = {Annual Reviews},
    url = {http://www.annualreviews.org/doi/10.1146/annurev.economics.050708.143254},
    doi = {10.1146/annurev.economics.050708.143254},
    issn = {1941-1383},
    keywords = {adverse selection, asymmetric information}
}

@article{Gerard2016,
    title = {{Bounds on Treatment Effects in Regression Discontinuity Designs Under Manipulation of the Running Variable, With an Application To Unemployment Insurance in Brazil}},
    year = {2016},
    journal = {Nber Working Paper Series Bounds},
    author = {Gerard, Francois and Rokkanen, Miikka and Rothe, Christoph},
    pages = {1--64},
    doi = {10.3386/w22892},
    keywords = {Labor Studies, Public Economics, Technical Working}
}

@article{Iwasaki2008,
    title = {{Brewing wars of attrition for profit (and concentration)}},
    year = {2008},
    journal = {Review of Industrial Organization},
    author = {Iwasaki, Natsuko and Seldon, Barry J. and Tremblay, Victor J.},
    number = {4},
    pages = {263--279},
    volume = {33},
    url = {https://link.springer.com/content/pdf/10.1007/s11151-008-9189-5.pdf},
    doi = {10.1007/s11151-008-9189-5},
    issn = {0889938X},
    keywords = {Advertising, Brewing industry, Concentration dynamics, Profit, War of attrition}
}

@article{Consultatif,
    title = {{Canadian Mathematical Society Soci{\'{e}}t{\'{e}} math{\'{e}}matique du Canada}},
    author = {Bauschke, Heinz and Combettes, Patrick},
    url = {http://www.springer.com/series/4318}
}

@unpublished{Ornaghi2016,
    title = {{Civil Service Reforms: Evidence from U.S. Police Departments}},
    year = {2016},
    author = {Ornaghi, Arianna and Cantoni, Enrico and Fetter, Daniel and Firth, John and Gazze, Ludovica and Gross, Daniel and Heller, Sara and Hagerty, Nick and Howard, Greg and Hull, Peter and Jo, Donghee and Kreindler, Gabriel and Lowe, Matt and Meager, Rachael and Padi, Manisha and Perry, Bryan and Reid, Otis and Schilbach, Frank and Shaukat, Mahvish and Smith, Cory}
}

@article{Clark2013,
    title = {{Collusion with asymmetric retailers: Evidence from a gasoline price-fixing case}},
    year = {2013},
    journal = {American Economic Journal: Microeconomics},
    author = {Clark, Robert and Houde, Jean Francois},
    number = {3},
    pages = {97--123},
    volume = {5},
    url = {http://dx.doi.org/10.1257/mic.5.3.97},
    doi = {10.1257/mic.5.3.97},
    issn = {19457669}
}

@unpublished{AleChilet2018,
    title = {{Collusive Price Leadership in Retail Pharmacies in Chile}},
    year = {2018},
    author = {Al{\'{e}} Chilet, Jorge},
    number = {1951},
    pages = {1--30},
    url = {http://economics.huji.ac.il/sites/default/files/economics/files/khvrkhh.pdf},
    keywords = {chile, in retail pharmacies in, lusive price leadership}
}

@article{Gaynor2003,
    title = {{Competition Among Hospitals}},
    year = {2003},
    journal = {Source: The RAND Journal of Economics Journal of Economics},
    author = {Gaynor, Martin and Vogt, William B},
    number = {4},
    pages = {764--785},
    volume = {34},
    url = {http://www.jstor.org/stable/1593787 http://about.jstor.org/terms},
    doi = {10.2307/1593787},
    issn = {07416261}
}

@incollection{Gaynor2012,
    title = {{Competition in Health Care Markets}},
    year = {2012},
    booktitle = {Handbook of Health Economics},
    author = {Gaynor, Martin and Town, R.J.},
    chapter = {2},
    number = {2},
    pages = {499â637},
    publisher = {Elsevier},
    url = {http://www.bristol.ac.uk/cmpo/Tel:},
    keywords = {2012, ac, antitrust, bristol, cmpo, competition, competition policy, electronic version, health care, health insurance, hospitals, i11, i18, industrial organization, jel classification, l10, l13, l30, l40, markets, papers, pdf, physicians, publications, uk, wp282, www}
}

@article{Doraszelski2010,
    title = {{Computable Markov-perfect industry dynamics}},
    year = {2010},
    journal = {The RAND Journal of Economics},
    author = {Doraszelski, Ulrich and Satterthwaite, Mark},
    number = {2},
    month = {6},
    pages = {215--243},
    volume = {41},
    publisher = {Blackwell Publishing Inc},
    url = {http://doi.wiley.com/10.1111/j.1756-2171.2010.00097.x},
    doi = {10.1111/j.1756-2171.2010.00097.x},
    issn = {07416261}
}

@article{Weintraub2010,
    title = {{Computational Methods for Oblivious Equilibrium}},
    year = {2010},
    journal = {Operations Research},
    author = {Weintraub, Gabriel Y and Benkard, Lanier and Van Roy, Benjamin},
    number = {42},
    pages = {1247--1265},
    volume = {58},
    url = {http://pubsonline.informs.org http://dx.doi.org/10.1287/opre.1090.0790},
    doi = {10.1287/opre.1090.0790}
}

@article{Pakes1994,
    title = {{Computing Markov perfect Nash equilibria: Numerical implications of a dynamic differentiated product model}},
    year = {1994},
    journal = {The RAND Journal of Economics},
    author = {Pakes, Ariel and McGuire, Paul},
    number = {4},
    pages = {555--589},
    volume = {25},
    url = {http://www.nber.org/papers/t0119},
    isbn = {0741-6261},
    doi = {10.2307/2555975},
    issn = {0741-6261}
}

@article{Hotz1993,
    title = {{Conditional Choice Probabilities and the Estimation of Dynamic Models}},
    year = {1993},
    journal = {The Review of Economic Studies},
    author = {Hotz, Joseph and Miller, Robert},
    number = {3},
    pages = {497--529},
    volume = {60},
    isbn = {00346527},
    doi = {10.2307/2298122},
    issn = {0034-6527},
    pmid = {4692832261611317491}
}

@article{Arcidiacono2011a,
    title = {{Conditional Choice Probability Estimation of Dynamic Discrete Choice Models With Unobserved Heterogeneity}},
    year = {2011},
    journal = {Econometrica},
    author = {Arcidiacono, Peter and Miller, Robert},
    number = {6},
    month = {11},
    pages = {1823--1867},
    volume = {79},
    publisher = {Blackwell Publishing Ltd},
    url = {http://doi.wiley.com/10.3982/ECTA7743},
    doi = {10.3982/ECTA7743},
    issn = {0012-9682},
    keywords = {Dynamic discrete choice, unobserved heterogeneity}
}

@misc{Restud2013,
    title = {{Conditional Choice Probability Estimators of Single-Agent Dynamic Discrete Choice Models}},
    year = {2013},
    author = {Restud, Miller}
}

@incollection{McFadden1973,
    title = {{Conditional logit analysis of qualitative choice behavior}},
    year = {1973},
    booktitle = {Frontiers in Econometrics},
    author = {McFadden, Daniel},
    pages = {105â142},
    isbn = {0127761500},
    doi = {10.1108/eb028592},
    issn = {10867376},
    pmid = {5297}
}

@article{Su2012,
    title = {{Constrained optimization approaches to estimation of structural models}},
    year = {2012},
    journal = {Econometrica},
    author = {Su, Che-Lin and Judd, Kenneth L},
    number = {5},
    pages = {2213--2230},
    volume = {80},
    url = {http://www.econometricsociety.org/ http://www.econometricsociety.org},
    keywords = {Structural estimation, constrained optimization, dynamic discrete choice models}
}

@article{Bursztyn2016,
    title = {{Cool to be Smart or Smart to be Cool? Understanding Peer Pressure in Education}},
    year = {2016},
    author = {Bursztyn, Leonardo and Egorov, Georgy and Jensen, Robert and AliBob, Ahmed and Baclini, Natalia and Burch, Cameron and De, Diego and Peza, La and Fiorin, Stefano and Galashin, Misha and Korovkin, Vasily and Mcnabb, Shelby and Miller, Matthew and Smith, Benjamin},
    url = {http://home.uchicago.edu/~bursztyn/Bursztyn_Egorov_Jensen_2016_07.pdf},
    doi = {10.3386/w23020},
    keywords = {education, experiment, peer pressure, signaling, stigma}
}

@article{Rochet2002,
    title = {{Cooperation among competitors: Some economics of payment card associations}},
    year = {2002},
    journal = {The RAND Journal of Economics},
    author = {Rochet, Jean-charles and Tirole, Jean},
    number = {4 (Winter)},
    pages = {549â570},
    volume = {33},
    url = {http://www.jstor.org/stable/3087474 http://www.jstor.org/stable/10.2307/3087474},
    isbn = {07416261},
    doi = {10.2307/3087474},
    issn = {0741-6261},
    pmid = {9016331}
}

@article{Waldfogel2011,
    title = {{Copyright protection, technological change, and the quality of new products: Evidence from recorded music since napster}},
    year = {2012},
    journal = {Journal of Law and Economics},
    author = {Waldfogel, Joel},
    number = {4},
    pages = {715--740},
    volume = {55},
    url = {http://www.nber.org/papers/w17503 http://www.jstor.org/stable/10.1086/665824},
    isbn = {0022-2186},
    doi = {10.1086/665824},
    issn = {00222186},
    keywords = {Industrial Organization, Law and Economics}
}

@unpublished{JaeJuneand2016,
    title = {{Counterfactual prediction in complete information games:point prediction under partial identification}},
    year = {2016},
    author = {Jae Jun{\'{e}}and, Sung and Pinkse, Joris},
    keywords = {Dirichlet process, complete information games, counterfactual prediction, maximum entropy, partial identification}
}

@article{Schrimpf2014b,
    title = {{Demand and supply of differentiated products products Early work}},
    year = {2014},
    author = {Schrimpf, Paul}
}

@article{CollardWexler2013,
    title = {{Demand Fluctuations in the Ready-Mix Concrete Industry}},
    year = {2013},
    journal = {Econometrica},
    author = {CollardâWexler, Allan},
    number = {3},
    pages = {1003--1037},
    volume = {81},
    url = {http://doi.wiley.com/10.3982/ECTA6877},
    doi = {10.3982/ECTA6877},
    issn = {0012-9682}
}

@unpublished{Yakovlev2016,
    title = {{Demand for Alcohol Consumption and Implication for Mortality: Evidence from Russia}},
    year = {2016},
    booktitle = {SSRN},
    author = {Yakovlev, Evgeny},
    url = {https://www.cia.gov/library/publications/the-world-factbook/fields/2102.html,},
    doi = {10.2139/ssrn.2873424},
    issn = {1945-7782},
    keywords = {C54, I1, I12, RKD, alcohol, demand estimation, peer effects}
}

@article{Deb,
    title = {{Demand for medical care by the elderly: a finite mixture approach}},
    year = {1997},
    journal = {Journal of Applied Econometrics},
    author = {Deb, Partha and Trivedi, Pravin K},
    number = {3},
    pages = {313--336},
    volume = {12},
    url = {http://www.jstor.org/stable/2285252 http://www.jstor.org/ http://www.jstor.org/action/showPublisher?publisherCode=jwiley. http://www.jstor.org http://doi.wiley.com/10.1002/(SICI)1099-1255(199705)12:3%3C313::AID-JAE440%3E3.0.CO;2-G},
    isbn = {08837252},
    doi = {10.1002/(SICI)1099-1255(199705)12:3<313::AID-JAE440>3.0.CO;2-G},
    issn = {08837252}
}

@article{Bylka2000,
    title = {{Discrete time dynamic game model for price competition in an oligopoly}},
    year = {2000},
    journal = {Annals of Operations Research},
    author = {Bylka, Stanislaw and Ambroszkiewicz, Stanislaw and Komar, Jan},
    pages = {69--89},
    volume = {97}
}

@article{Bresnahan2011,
    title = {{Do Vary Entry across Conditions Markets ?}},
    year = {2011},
    journal = {Review Literature And Arts Of The Americas},
    author = {Bresnahan, Timothy and Reiss, Peter and Willig, Robert and Stigler, George J},
    number = {3},
    pages = {833--881},
    volume = {1987}
}

@article{Shum2004,
    title = {{Does advertising overcome brand loyalty? Evidence from the breakfastâcereals market}},
    year = {2004},
    journal = {Journal of Economics {\&} Management Strategy},
    author = {Shum, Matthew},
    number = {2},
    pages = {241--272},
    volume = {13},
    url = {http://people.hss.caltech.edu/~mshum/papers/advbl.pdf}
}

@article{Kroft2014,
    title = {{Does Online Search Crowd Out Traditional Search and Improve Matching Efficiency? Evidence from Craigslist}},
    year = {2014},
    journal = {Journal of Labor Economics},
    author = {Kroft, Kory and Pope, Devin G},
    number = {2},
    pages = {259--303},
    volume = {32},
    url = {http://www.jstor.org/stable/info/10.1086/673374},
    doi = {10.1086/673374},
    issn = {0734306X}
}

@article{Chiong2016,
    title = {{Duality in dynamic discrete-choice models}},
    year = {2016},
    journal = {Quantitative Economics},
    author = {Chiong, Khai Xiang and Galichon, Alfred and Shum, Mattew},
    pages = {83--115},
    volume = {7},
    url = {http://people.hss.caltech.edu/~mshum/papers/convexpaper.pdf},
    doi = {10.3982/QE436},
    keywords = {C35, C61, Conditional choice probability inversion, D90, estimation of discrete choice models, mass transportation approach}
}

@article{Chiong2016b,
    title = {{Duality in dynamic discrete-choice models}},
    year = {2016},
    journal = {Quantitative Economics},
    author = {Chiong, Khai Xiang and Galichon, Alfred and Shum, Matt},
    number = {1},
    pages = {83--115},
    volume = {7},
    url = {http://www.qeconomics.org. http://doi.wiley.com/10.3982/QE436},
    isbn = {1759-7331},
    doi = {10.3982/QE436},
    issn = {17597323},
    keywords = {C61, Conditional choice probability inversion, D90, estimation of discrete choice models, mass transportation approach JEL classification C3}
}

@article{Aguirregabiria2010a,
    title = {{Dynamic discrete choice structural models: A survey}},
    year = {2010},
    journal = {Journal of Econometrics},
    author = {Aguirregabiria, Victor and Mira, Pedro},
    isbn = {0304-4076},
    doi = {10.1016/j.jeconom.2009.09.007},
    issn = {03044076},
    keywords = {Discrete choice, Dynamic structural models, Estimation methods}
}

@article{Gowrisankaran1997,
    title = {{Dynamic equilibrium in the hospital industry}},
    year = {1997},
    journal = {Journal of Economics and Management Strategy},
    author = {Gowrisankaran, Gautam and Town, Robert J.},
    number = {1},
    pages = {45--74},
    volume = {6},
    doi = {10.1162/105864097567020},
    issn = {10586407}
}

@article{Fershtman2012,
    title = {{Dynamic Games with Asymmetric Information: A Framework for Empirical Work}},
    year = {2012},
    journal = {The Quarterly Journal of Economics},
    author = {Fershtman, Chaim and Pakes, Ariel},
    number = {4},
    pages = {1611--1661},
    volume = {127},
    url = {https://scholar.harvard.edu/files/pakes/files/dynamicgames_may_2012_0.pdf http://qje.oxfordjournals.org/cgi/doi/10.1093/qje/qjs025},
    doi = {10.1093/qje/qjs025},
    issn = {0033-5533}
}

@article{Lin2009,
    title = {{Dynamic price competition with discrete customer choices}},
    year = {2009},
    journal = {European Journal of Operational Research},
    author = {Lin, Kyle Y. and Sibdari, Soheil Y},
    number = {3},
    pages = {969--980},
    volume = {197},
    doi = {10.1016/j.ejor.2007.12.040},
    issn = {03772217}
}

@article{Sweeting2013,
    title = {{Dynamic product positioning in differentiated product markets: The effect of fees for musical performance rights on the commercial radio industry}},
    year = {2013},
    journal = {Econometrica},
    author = {Sweeting, Andrew},
    number = {5},
    pages = {1763--1803},
    volume = {81},
    url = {http://www.broadcastlawblog.com/2010/03/articles/music-rights/copyright-},
    doi = {10.3982/ECTA7473},
    keywords = {Product differentiation, dynamic oligopoly, value}
}

@article{Bertsekas2011,
    title = {{Dynamic Programming and Optimal Control 3rd Edition, Volume II Chapter 6 Approximate Dynamic Programming 6 Approximate Dynamic Programming}},
    year = {2011},
    author = {Bertsekas, Dimitri P},
    url = {http://web.mit.edu/dimitrib/www/dpchapter.pdf}
}

@incollection{Ackerberg2007,
    title = {{Econometric tools for analysing market outcomes}},
    year = {2007},
    booktitle = {Handbook of Econometrics},
    author = {Ackerberg, Daniel and Benkard, Lanier and Berry, Steven and Pakes, Ariel},
    pages = {4171--4276},
    volume = {6},
    isbn = {9780444879707},
    doi = {10.1016/S1574-0080(87)80001-9},
    keywords = {and harvard university, c1, c3, c5, c7, demand estimation, dynamic estima-, equilibrium outcomes, jel classification, l1, l4, l5, production function estimation, stanford university, strategic interactions, the authors are from, the ucla, tion, yale university}
}

@article{Ackerberg2015,
    title = {{Econometric Tools for Analyzing Market Outcomes}},
    year = {2007},
    journal = {Handbook of Econometrics},
    author = {Benkard, Lanier and Berry, Steven and Pakes, Ariel},
    number = {11},
    pages = {4171--4276},
    volume = {6},
    url = {http://www.sciencedirect.com/science/article/pii/S1573441207060631},
    isbn = {9780444506313},
    doi = {10.1017/CBO9781107415324.004},
    issn = {15734412},
    pmid = {25246403},
    arxivId = {arXiv:1011.1669v3},
    keywords = {Familial longevity, Functional status, Human, IGF-1 axis, Survival}
}

@book{Hansen2015,
    title = {{Econometrics}},
    year = {2015},
    author = {Hansen, Bruce E}
}

@article{Farrell2006,
    title = {{Efficiency and Competition between Payment Instruments}},
    year = {2006},
    journal = {Review of Network Economics},
    author = {Farrell, Joseph},
    number = {1},
    month = {1},
    pages = {26--44},
    volume = {5},
    url = {http://www.degruyter.com/view/j/rne.2006.5.1/rne.2006.5.1.1087/rne.2006.5.1.1087.xml},
    doi = {10.2202/1446-9022.1087},
    issn = {1446-9022}
}

@article{Gaze2011,
    title = {{Electronic platforms and two-sided markets: A side-switching analysis}},
    year = {2011},
    journal = {The Journal of High Technology Management Research},
    author = {Gaz{\'{e}}, Pierre and Vaubourg, Anne-GaÃ«l},
    number = {2},
    pages = {158--165},
    volume = {22},
    doi = {10.1016/j.hitech.2011.09.007},
    issn = {10478310}
}

@misc{Aguirregabiria,
    title = {{Empirical Industrial Organization: Models, Methods, and Applications}},
    author = {Aguirregabiria, Victor},
    url = {http://s3.amazonaws.com/academia.edu.documents/30768305/book_dynamic_io.pdf?AWSAccessKeyId=AKIAIWOWYYGZ2Y53UL3A&Expires=1491720618&Signature=dWHdKGdu4TNDIhGS4PuolHxraYw%3D&response-content-disposition=inline%3B filename%3DEmpirical_Industrial_Organization}
}

@incollection{BerryYaleUniv2006,
    title = {{Empirical Models of Entry and Market Structure}},
    year = {2007},
    booktitle = {Handbook of Industrial Organization},
    author = {Berry, Steven and Reiss, Peter},
    number = {06},
    pages = {1845--1886},
    volume = {3},
    isbn = {9780444824356},
    doi = {10.1016/S1573-448X(06)03029-9},
    issn = {1573448X},
    pmid = {4894720938390022015},
    arxivId = {cs/9605103},
    keywords = {Discrete games, Entry, Exit, Fixed costs, Market structure, Multiple equilibria}
}

@article{Bresnahan1991,
    title = {{Entry and competition in concentrated markets}},
    year = {1991},
    journal = {The Journal of Political Economy},
    author = {Bresnahan, Timothy and Reiss, Peter},
    number = {5},
    pages = {977--1009},
    volume = {99}
}

@article{Hendricks1997,
    title = {{Entry and exit in hub-spoke networks}},
    year = {1997},
    journal = {The RAND Journal of Economics},
    author = {Hendricks, Ken and Piccione, Michele and Tan, Guofu},
    number = {2},
    pages = {291--303},
    volume = {28}
}

@article{Bresnahan1986,
    title = {{Entry in monopoly markets}},
    year = {1990},
    journal = {Journal of Political Economy},
    author = {Bresnahan, Timothy and Reiss, Peter},
    number = {883},
    pages = {977--1009},
    volume = {99}
}

@article{Dunne2013,
    title = {{Entry, exit, and the determinants of market structure}},
    year = {2013},
    journal = {RAND Journal of Economics},
    author = {Dunne, Timothy and Klimek, Shawn D. and Roberts, Mark J. and Xu, Daniel Yi},
    number = {3},
    pages = {462--487},
    volume = {44},
    isbn = {9788578110796},
    doi = {10.1111/1756-2171.12027},
    issn = {07416261},
    pmid = {25246403},
    arxivId = {arXiv:1011.1669v3}
}

@article{Adlakha2015,
    title = {{Equilibria of dynamic games with many players: Existence, approximation, and market structure}},
    year = {2015},
    journal = {Journal of Economic Theory},
    author = {Adlakha, Sachin and Johari, Ramesh and Weintraub, Gabriel Y},
    pages = {269--316},
    volume = {156},
    doi = {10.1016/j.jet.2013.07.002},
    issn = {00220531}
}

@article{Fershtman1987,
    title = {{Equilibrium incentives in oligopoly}},
    year = {1987},
    journal = {The American Economic Review},
    author = {Fershtman, Chaim and Judd, Kenneth},
    number = {5},
    pages = {927--940},
    volume = {77}
}

@unpublished{Fang2009,
    title = {{Estimating Dynamic Discrete Choice Models with Hyperbolic Discounting, with an Application to Mammography Decisions}},
    year = {2009},
    author = {Fang, Hanming and Wang, Yang},
    url = {http://economics.sas.upenn.edu/~hfang/publication/wang/Fang-Wang-MS24403-R2.pdf},
    keywords = {Dynamic Discrete Choices, Intrapersonal Games, Pre-ventive Care, Time Inconsistent Preferences}
}

@article{Bajari2007DynamicGame,
    title = {{Estimating dynamic models of imperfect competition}},
    year = {2007},
    journal = {Econometrica},
    author = {Bajari, Patrick and Benkard, Lanier and Levin, Jonathan},
    number = {5},
    pages = {1331--1370},
    volume = {75}
}

@article{Argentesi2007,
    title = {{Estimating market power in a two-sided market: The case of newspapers}},
    year = {2007},
    journal = {Journal of Applied Econometrics},
    author = {Argentesi, Elena and Filistrucchi, Lapo},
    number = {7},
    month = {12},
    pages = {1247--1266},
    volume = {22},
    publisher = {John Wiley {\&} Sons, Ltd.},
    url = {http://doi.wiley.com/10.1002/jae.997},
    doi = {10.1002/jae.997},
    issn = {08837252}
}

@article{Levinsohn2003,
    title = {{Estimating production functions using inputs to control for unobservables}},
    year = {2003},
    journal = {Review of Economic Studies},
    author = {Levinsohn, James and Petrin, Amil},
    number = {70},
    pages = {317--341},
    volume = {70},
    url = {https://academic.oup.com/restud/article-abstract/70/2/317/1586773}
}

@article{Chernozhukov2007,
    title = {{Estimation and Confidence Regions for Parameter Sets in Econometric Models}},
    year = {2007},
    journal = {Econometrica},
    author = {Chernozhukov, Victor and Hong, Han and Tamer, Elie},
    number = {5},
    pages = {1243--1284},
    volume = {75},
    url = {http://www.jstor.org/stable/4502031%0Ahttp://www.jstor.org/stable/4502031}
}

@article{Berry2000,
    title = {{Estimation from the Optimality Conditions for Dynamic Controls}},
    year = {2000},
    journal = {Unpublished Manuscript},
    author = {Berry, Steve and Pakes, Ariel},
    number = {December},
    pages = {1--23},
    url = {https://scholar.harvard.edu/files/pakes/files/dynolig.pdf}
}

@article{Berry1992,
    title = {{Estimation of a model of entry in the airline industry}},
    year = {1992},
    journal = {Econometrica},
    author = {Berry, Steven},
    number = {4},
    pages = {889--917},
    volume = {60},
    isbn = {00129682},
    doi = {10.2307/2951571},
    issn = {00129682},
    pmid = {14539534810334710613},
    keywords = {airlines, entry, simulation}
}

@article{Kasahara,
    title = {{Estimation of Discrete Choice Dynamic Programming Models}},
    author = {Kasahara, Hiroyuki and Shimotsu, Katsumi},
    url = {http://faculty.arts.ubc.ca/hkasahara/workingpapers/nakahara_final.pdf},
    keywords = {conditional choice probabilities, discrete choice dynamic, nested pseudo likelihood, policy iteration mapping, value iteration mapping}
}

@article{Hong2015,
    title = {{Estimation of dynamic discrete models from time aggregated data}},
    year = {2015},
    journal = {Journal of Econometrics},
    author = {Hong, Han and Li, Weiming and Wang, Boyu},
    number = {2},
    month = {10},
    pages = {435--446},
    volume = {188},
    publisher = {North-Holland},
    url = {http://www.sciencedirect.com/science/article/pii/S0304407615000780},
    doi = {10.1016/J.JECONOM.2015.03.009}
}

@article{Andrews1999,
    title = {{Estimation When a Parameter is on a Boundary}},
    year = {1999},
    journal = {Econometrica},
    author = {Andrews, Donald},
    number = {6},
    pages = {1341--1383},
    volume = {67},
    isbn = {0735001022},
    doi = {10.1198/073500102288618667},
    issn = {0735-0015},
    keywords = {asymptotic distribution, inequality restrictions, random coefficients regression, stochastic trends, unit root model}
}

@article{Aguirregabiria2013,
    title = {{Euler Equations for the Estimation of Dynamic Discrete Choice Structural Models}},
    year = {2013},
    journal = {SSRN Electronic Journal},
    author = {Aguirregabiria, Victor and Magesan, Arvind},
    url = {http://www.ssrn.com/abstract=2273618 http://aguirregabiria.net/wpapers/euler_counterfactuals_single_agent.pdf},
    doi = {10.2139/ssrn.2273618},
    issn = {1556-5068},
    keywords = {Approximation bias JEL, C13, C35, C51, C61, Dynamic programming discrete choice models, Estimation, Euler equations, Relative Value Function iteration}
}

@techreport{Greenstreet2007,
    title = {{Exploiting sequential learning to estimate establishment-level productivity dynamics and decision rules}},
    year = {2007},
    author = {Greenstreet, David},
    pages = {99},
    url = {http://repository.cmu.edu/sds},
    institution = {Department of Social and Decision Sciences},
    keywords = {Chilean manufacturing, exit hazard, investment rates, microeconomic productivity dynamics, sequential learning, unbalanced panels}
}

@techreport{Langrene2017,
    title = {{Fast and stable multivariate kernel density estimation by fast sum updating}},
    year = {2017},
    author = {Langren{\'{e}}, Nicolas and Warin, Xavier},
    pages = {1--37},
    url = {http://arxiv.org/abs/1712.00993},
    arxivId = {1712.00993},
    keywords = {0, 1, 2, 3, 62g07, 62g08, 65c60, G10 * CSIRO Data61, RiskLab Australia, acm codes, adaptive bandwidth, f, fast k-nearest-neighbors, fast kernel density estimation, fast kernel regression, fast sum updat-, g, ing, msc codes, multivariate partition}
}

@article{Arcidiacono2003,
    title = {{Finite Mixture Distributions, Sequential Likelihood and the EM Algorithm}},
    year = {2003},
    journal = {Econometrica},
    author = {Arcidiacono, Peter and Jones, John Bailey},
    number = {3},
    month = {5},
    pages = {933--946},
    volume = {71},
    publisher = {Blackwell Science Ltd},
    url = {http://doi.wiley.com/10.1111/1468-0262.00431},
    doi = {10.1111/1468-0262.00431},
    issn = {0012-9682},
    keywords = {EM algorithm, Unobserved heterogeneity, dynamic discrete choice, mixture distributions}
}

@book{McLachlan2000,
    title = {{Finite Mixture Models}},
    year = {2004},
    booktitle = {John Wiley {\&} Sons},
    author = {McLachlan, Geoffrey and Peel, David},
    pages = {419},
    url = {http://doi.wiley.com/10.1002/0471721182},
    isbn = {0471006262},
    doi = {10.1198/tech.2002.s651},
    issn = {00401706},
    pmid = {19219904}
}

@article{Melnykov2010,
    title = {{Finite mixture models and model-based clustering}},
    year = {2010},
    journal = {Statistics Survey},
    author = {Melnykov, Volodymyr and Maitra, Ranjan},
    pages = {80â116},
    volume = {4},
    url = {https://projecteuclid.org/download/pdfview_1/euclid.ssu/1272547280 http://arxiv.org/abs/1104.2190},
    isbn = {1935-7516},
    doi = {10.1214/154957804100000000},
    issn = {1935-7516},
    pmid = {540267},
    arxivId = {1104.2190},
    keywords = {EM algorithm, magnitude magnetic resonance images, model selection, proteomics, teo-dimensional gel electrophoresis data, text mining, variable selection. diagnostics}
}

@article{DiGiovanni2014,
    title = {{Firms, Destinations, and Aggregate Fluctuations}},
    year = {2014},
    journal = {Econometrica},
    author = {Di Giovanni, Julian and Levchenko, Andrei A and Mejean, Isabelle},
    number = {4},
    pages = {1303--1340},
    volume = {82},
    url = {http://doi.wiley.com/10.3982/ECTA11041},
    doi = {10.3982/ECTA11041},
    issn = {0012-9682},
    keywords = {Aggregate fluctuations, firm-level shocks, large firms, linkages}
}

@article{Corbae2015,
    title = {{Foreign Competition and Banking Industry Dynamics : An Application to Mexico}},
    year = {2015},
    author = {Corbae, Dean and Erasmo, Pablo D and Corbae, Dean and Erasmo, Pablo D},
    number = {15},
    doi = {10.1057/imfer.2015.40},
    issn = {2041-4161}
}

@article{Phillips1995,
    title = {{Fully modified least squares and vector autoregression}},
    year = {1995},
    journal = {Econometrica},
    author = {Phillips, Peter},
    number = {5},
    pages = {1023--1078},
    volume = {63},
    url = {http://www.jstor.org/stable/2171721 http://www.jstor.org/stable/2171721?seq=1&cid=pdf-reference#references_tab_contents http://about.jstor.org/terms http://www.econometricsociety.org},
    isbn = {0012-9682},
    doi = {10.2307/2171721},
    issn = {00129682},
    keywords = {Causality testing, cointegration, fully modified regression, fully modified vector autoregression, hyperconsistency, long-run covariance matrix, one-sided long-run covariance matrix, some unit roots}
}

@article{Bajari2013,
    title = {{Game theory and econometrics: A survey of some recent research}},
    year = {2010},
    journal = {Advances in Economics and},
    author = {Bajari, Patrick and Hong, Han and Nekipelov, Denis},
    pages = {1--43}
}

@article{Hansen1982,
    title = {{Generalized Instrumental Variables Estimation of Nonlinear Rational Expectations Models}},
    year = {1982},
    journal = {Econometrica},
    author = {Hansen, Lars Peter and Singleton, Kenneth J.},
    number = {5},
    month = {9},
    pages = {1269},
    volume = {50},
    publisher = {The Econometric Society},
    url = {http://www.jstor.org/stable/1911873?origin=crossref},
    doi = {10.2307/1911873}
}

@article{Blundell2000,
    title = {{GMM estimation with persistent panel data: an application to production functions}},
    year = {2000},
    journal = {Econometric Reviews},
    author = {Blundell, Richard and Bond, Stephen},
    pages = {321--340},
    volume = {19},
    url = {http://www.tandfonline.com/doi/abs/10.1080/07474930008800475}
}

@article{Doganoglu2006,
    title = {{Goodwill and dynamic advertising strategies}},
    year = {2006},
    journal = {Quantitative Marketing and Economics},
    author = {Doganoglu, Toker and Klapper, Daniel},
    number = {1},
    pages = {5--29},
    volume = {4},
    doi = {10.1007/s11129-006-6558-y},
    issn = {15707156},
    keywords = {Advertising, Dynamic oligopoly, Goodwill, Markov perfect equilibrium}
}

@unpublished{Gowrisankaran2011,
    title = {{Government policy and the dynamics of market structure : Evidence from Critical Access Hospitals}},
    year = {2011},
    author = {Gowrisankaran, Gautam and Lucarelli, Claudio and Schmidt-Dengler, Philipp and Town, Robert},
    keywords = {dynamic oligopoly, exits, hospitals, jel classification, l11, l13, medicare}
}

@unpublished{Chilet2016,
    title = {{Gradually Rebuilding a Relationship: Collusion in Retail Pharmacies in Chile}},
    year = {2016},
    author = {Al{\'{e}} Chilet, Jorge},
    url = {https://editorialexpress.com/cgi-bin/conference/download.cgi?db_name=IIOC2016&paper_id=299}
}

@article{Mairesse1988,
    title = {{Heterogeneity in panel data: are there stable production functions?}},
    year = {1988},
    author = {Mairesse, J and Griliches, Z},
    url = {http://www.nber.org/papers/w2619}
}

@article{Ragot2018,
    title = {{Heterogeneous Agents in the Macroeconomy: Reduced-Heterogeneity Representations}},
    year = {2018},
    journal = {Handbook of Computational Economics},
    author = {Ragot, Xavier},
    doi = {10.1016/bs.hescom.2018.02.001},
    issn = {15740021},
    keywords = {Incomplete insurance markets, Model simulation, Reduced heterogeneity}
}

@article{Borenstein1989,
    title = {{Hubs and High Fares: Dominance and Market Power in the U.S. Airline Industry}},
    year = {1989},
    journal = {The RAND Journal of Economics},
    author = {Borenstein, Severin},
    number = {3},
    pages = {344--365},
    volume = {20},
    url = {http://doi.wiley.com/10.2307/2555575},
    isbn = {07416261},
    doi = {10.2307/2555575}
}

@article{Chen2009,
    title = {{Hypothesis test for normal mixture models: The EM approach}},
    year = {2009},
    journal = {Annals of Statistics},
    author = {Chen, Jiahua and Li, Pengfei},
    number = {5A},
    pages = {2523--2542},
    volume = {37},
    url = {http://www.jstor.org/stable/30243714 http://www.jstor.org/stable/30243714?seq=1&cid=pdf-reference#references_tab_contents http://about.jstor.org/terms},
    isbn = {0090-5364},
    doi = {10.1214/08-AOS651},
    issn = {00905364},
    arxivId = {0908.3428},
    keywords = {Chi-square limiting distribution, Compactness, Homogeneity test, Likelihood ratio test, Normal mixture models, Statistical genetics}
}

@article{Zhu2004,
    title = {{Hypothesis testing in mixture regression models}},
    year = {2004},
    journal = {Journal of the Royal Statistical Society. Series B: Statistical Methodology},
    author = {Zhu, Hong Tu and Zhang, Heping},
    number = {1},
    month = {2},
    pages = {3--16},
    volume = {66},
    publisher = {Blackwell Publishing},
    url = {http://doi.wiley.com/10.1046/j.1369-7412.2003.05379.x},
    doi = {10.1046/j.1369-7412.2003.05379.x},
    issn = {13697412},
    keywords = {Hypothesis testing, Logistic regression, Mixture regression, Poisson regression, Power}
}

@unpublished{Pesendor2003,
    title = {{Identification and estimation of dynamic games}},
    year = {2003},
    booktitle = {NBER},
    author = {Pesendor, Martin},
    pages = {1--39}
}

@article{Aguirregabiria2012b,
    title = {{Identification and estimation of dynamic games when players' beliefs are not in equilibrium}},
    year = {2012},
    author = {Aguirregabiria, Victor and Magesan, Arvind},
    pages = {None pages},
    url = {http://repec.economics.utoronto.ca/files/tecipa-449.pdf%5Cnhttp://search.ebscohost.com/login.aspx?direct=true&db=ecn&AN=1292189&site=ehost-live}
}

@article{Schrimpf,
    title = {{Identification and estimation of dynamic games with continuous states and controls}},
    year = {2010},
    author = {Schrimpf, Paul},
    url = {http://faculty.arts.ubc.ca/pschrimpf/research/dynGame.pdf}
}

@unpublished{Kasahara2015,
    title = {{Identification and estimation of production function with unobserved heterogeneity}},
    year = {2015},
    booktitle = {Working Paper},
    author = {Kasahara, Hiroyuki and Schrimpf, Paul and Suzuki, Michio},
    url = {http://faculty.arts.ubc.ca/pschrimpf/research/IdentificationAndEstimationOfProduct_preview.pdf}
}

@article{Berry2006,
    title = {{Identification in models of oligopoly entry}},
    year = {2006},
    journal = {Econometric Society Monographs},
    author = {Berry, Steven and Tamer, Elie},
    number = {August 2005},
    pages = {1--46},
    volume = {Berry, S.},
    isbn = {9781139052276},
    doi = {10.1017/CBO9781139052276.004},
    pmid = {1872946825663111168}
}

@article{Arcidiacono2014,
    title = {{Identifying Dynamic Discrete Choice Models off Short Panels}},
    year = {2014},
    author = {Arcidiacono, Peter and Miller, Robert},
    url = {http://www.utah-wbec.org/wp-content/uploads/2014/03/miller.pdf}
}

@article{Magnac2002,
    title = {{Identifying dynamic discrete decision processes}},
    year = {2002},
    journal = {Econometrica},
    author = {Magnac, Thierry and Thesmar, David},
    number = {2},
    pages = {801--816},
    volume = {70},
    isbn = {00129682},
    doi = {10.1111/1468-0262.00306},
    issn = {0012-9682},
    pmid = {7298967730333725627}
}

@unpublished{Hu2013,
    title = {{Identifying dynamic games with serially-correlated unobservables}},
    year = {2013},
    booktitle = {Structural Econometric Models},
    author = {Hu, Yingyao and Shum, Matthew},
    url = {http://books.google.com/books?hl=en&lr=&id=xOF5AgAAQBAJ&oi=fnd&pg=PA97&dq=hu+shum+dynamic+games&ots=ylCFNpXuNE&sig=nsY9uDzEJBTs3IJ2m0atrvA3Qp0}
}

@article{Krusell1998,
    title = {{Income and Wealth Heterogeneity in the Macroeconomy}},
    year = {1998},
    journal = {Journal of Political Economy},
    author = {Krusell, Per and Smith, Jr., AnthonyÂ A.},
    isbn = {0022-3808/1998/0605-0003{\$}10.00},
    doi = {10.1086/250034},
    issn = {0022-3808}
}

@article{Chen2008,
    title = {{Inference for normal mixtures in mean and variance}},
    year = {2008},
    journal = {Statistica Sinica},
    author = {Chen, Jiahua and Tan, Xianming and Zhang, Runchu},
    url = {http://www.jstor.org/stable/24308490}
}

@article{Cervero2007,
    title = {{Informal transport: A global perspective}},
    year = {2007},
    journal = {Transport Policy},
    author = {Cervero, Robert and Golub, Aaron},
    number = {6},
    pages = {445--457},
    volume = {14},
    doi = {10.1016/j.tranpol.2007.04.011},
    issn = {0967070X}
}

@article{Blundell1998,
    title = {{Initial conditions and moment restrictions in dynamic panel data models}},
    year = {1998},
    journal = {Journal of Econometrics},
    author = {Blundell, Richard and Bond, Stephen},
    number = {1},
    pages = {115--143},
    volume = {87},
    isbn = {0304-4076},
    doi = {10.1016/S0304-4076(98)00009-8},
    issn = {03044076}
}

@article{Starc2014,
    title = {{Insurer pricing and consumer welfare: evidence from Medigap}},
    year = {2014},
    journal = {The RAND Journal of Economics},
    author = {Starc, Amanda},
    number = {1},
    month = {3},
    pages = {198--220},
    volume = {45},
    url = {http://doi.wiley.com/10.1111/1756-2171.12048},
    doi = {10.1111/1756-2171.12048},
    issn = {07416261}
}

@article{Chang2003,
    title = {{Interchange Fees in the Courts and Regulatory Authorities}},
    year = {2003},
    journal = {ic. org},
    author = {Chang, Howard},
    url = {http://idei.fr/doc/conf/tsm/payment_card_review1.pdf#page=21}
}

@article{Schmalensee2003,
    title = {{Interchange Fees: A Review of the Literature}},
    year = {2003},
    journal = {Payment Card Economics Review},
    author = {Schmalensee, R},
    url = {http://papers.ssrn.com/sol3/papers.cfm?abstract_id=653921}
}

@article{Feng2008,
    title = {{Introduction to Empirical Processes and Semiparametric Inference}},
    year = {2008},
    journal = {Biometrics},
    author = {Kosorok, Michael R.},
    number = {3},
    pages = {988--989},
    volume = {64},
    url = {http://doi.wiley.com/10.1111/j.1541-0420.2008.01082_2.x},
    isbn = {978-0-387-74977-8},
    doi = {10.1111/j.1541-0420.2008.01082{\_}2.x},
    pmid = {15772297},
    arxivId = {arXiv:1011.1669v3}
}

@article{Erasmo2006,
    title = {{Investment and firm dynamics Investment and Firm Dynamics}},
    year = {2006},
    journal = {MPRA},
    author = {D'Erasmo, Pablo},
    url = {http://mpra.ub.uni-muenchen.de/3598/}
}

@article{Njoroge2014,
    title = {{Investment in Two-Sided Markets and the Net Neutrality Debate}},
    year = {2014},
    journal = {Review of Network Economics},
    author = {Njoroge, Paul and Ozdaglar, Asuman and Stier-Moses, NicolÃ¡s E. and Weintraub, Gabriel Y.},
    number = {4},
    month = {1},
    pages = {355--402},
    volume = {12},
    url = {http://www.degruyter.com/view/j/rne.2013.12.issue-4/rne-2012-0017/rne-2012-0017.xml},
    doi = {10.1515/rne-2012-0017},
    issn = {1446-9022}
}

@article{Evans2003,
    title = {{It Takes Two to Tango: The Economics of Two-Sided Markets}},
    year = {2003},
    journal = {ic. org},
    author = {Evans, DS},
    url = {http://www.idei.fr/doc/conf/tsm/payment_card_review1.pdf#page=9}
}

@incollection{Newey,
    title = {{Large sample estimation and hypothesis testing}},
    year = {1994},
    booktitle = {Handbook of Econometrics},
    author = {Newey, Whitney K. and McFadden, Daniel},
    pages = {2111--2245},
    volume = {4},
    url = {http://www.unc.edu/~saraswat/teaching/econ870/fall11/NM_94.pdf},
    isbn = {9780444887665},
    doi = {10.1016/S1573-4412(05)80005-4},
    issn = {15734412}
}

@article{Li2016,
    title = {{Learning in Local Networks}},
    year = {2016},
    author = {Li, Wei and Tan, Xu and Blume, Andreas and Farinha Luz, Vitor and Fudenberg, Drew and Khalil, Fahad and Lawarr{\'{e}}e, Jacques and Morris, Stephen and Schlee, Edward and Suen, Wing and Watson, Joel and Wen, Quan and Matt Jackson, Especially and Peters, Mike},
    url = {http://econ.sites.olt.ubc.ca/files/2017/01/pdf_paper_wei-li-local-networks.pdf},
    keywords = {Bayesian learning, D03, D83, D85 Keywords, JEL, iterated learning procedure * We thank, local networks}
}

@incollection{Goyal2003,
    title = {{Learning in networks: a survey}},
    year = {2003},
    booktitle = {Group formation in economics: networks, clubs, and coalitions},
    author = {Goyal, Sanjeev and Bramoulle, Yann and Brock, William and Demange, Gabrielle and Tesfatsion, Leigh and Ianni, Antonella and Wooders, Myrna and Raub, Werner and Reidl, Arno and Samuelson, Larry and Sorger, Gerhard and Skyrms, Brian and Vega-Redondo, Fernando},
    pages = {59},
    url = {http://econ2.econ.iastate.edu/tesfatsi/learninginnetworks.pdf}
}

@article{Besanko2010Learning-by-DoingDynamics,
    title = {{Learning-by-doing, organizational forgetting and industry dynamics}},
    year = {2016},
    journal = {Econometrica},
    author = {Besanko, David and Doraszelski, Ulrich and Kryukov, Yaroslav and Satterthwaite, Mark},
    number = {2},
    month = {3},
    pages = {453--508},
    volume = {78},
    publisher = {Wiley/Blackwell (10.1111)},
    url = {http://doi.wiley.com/10.3982/ECTA6994},
    doi = {10.3982/ECTA6994},
    issn = {0012-9682},
    keywords = {Dynamic stochastic games, Markovâperfect equilibrium, industry dynamics, learningâbyâdoing, multiple equilibria, organizational forgetting}
}

@misc{Hansen2009,
    title = {{Lecture Notes on Nonparametrics}},
    year = {2009},
    author = {Hansen, Bruce E},
    url = {https://www.ssc.wisc.edu/~bhansen/718/NonParametrics1.pdf}
}

@article{Cameron1998,
    title = {{Life cycle schooling and dynamic selection bias: models and evidence for five cohorts of American males}},
    year = {1998},
    journal = {Journal of Political Economy},
    author = {Cameron, Stephen V. and Heckman, James J.},
    number = {2},
    month = {4},
    pages = {262--333},
    volume = {106},
    publisher = {The University of Chicago Press},
    url = {http://www.journals.uchicago.edu/doi/10.1086/250010},
    doi = {10.1086/250010},
    issn = {0022-3808}
}

@article{Garel2001,
    title = {{Likelihood ratio test for univariate Gaussian mixture}},
    year = {2001},
    journal = {Journal of Statistical Planning and Inference},
    author = {Garel, Bernard},
    number = {2},
    month = {7},
    pages = {325--350},
    volume = {96},
    publisher = {North-Holland},
    url = {http://www.sciencedirect.com/science/article/pii/S0378375800002160},
    doi = {10.1016/S0378-3758(00)00216-0}
}

@article{Lemdani1997,
    title = {{Likelihood ratio tests for genetic linkage}},
    year = {1997},
    journal = {Statistics {\&} Probability Letters},
    author = {Lemdani, Mohamed and Pons, Odile},
    number = {1},
    month = {4},
    pages = {15--22},
    volume = {33},
    publisher = {North-Holland},
    url = {http://www.sciencedirect.com/science/article/pii/S0167715296001058},
    doi = {10.1016/S0167-7152(96)00105-8}
}

@article{Rotnitzky2000,
    title = {{Likelihood-Based Inference with Singular Information Matrix}},
    year = {2000},
    journal = {Bernoulli},
    author = {Rotnitzky, Andrea and Cox, David R. and Bottai, Matteo and Robins, James},
    number = {2},
    month = {4},
    pages = {243},
    volume = {6},
    publisher = {International Statistical Institute (ISI)Bernoulli Society for Mathematical Statistics and Probability},
    url = {http://www.jstor.org/stable/3318576?origin=crossref},
    doi = {10.2307/3318576}
}

@article{Fan1997,
    title = {{Local Polynomial Regression: Optimal Kernels and Asymptotic Minimax Efficiency}},
    year = {1997},
    journal = {Annals of the Institute of Statistical Mathematics},
    author = {Fan, Jianqing and Gasser, Theo and Gijbels, IrÃ¨ne and Brockmann, Michael and Engel, Joachim},
    number = {1},
    month = {3},
    pages = {79--99},
    volume = {49},
    publisher = {Kluwer Academic Publishers},
    url = {http://link.springer.com/10.1023/A:1003162622169},
    doi = {10.1023/A:1003162622169},
    issn = {0020-3157}
}

@article{Maskin2001,
    title = {{Markov Perfect Equilibrium}},
    year = {2001},
    journal = {Journal of Economic Theory},
    author = {Maskin, Eric and Tirole, Jean},
    number = {2},
    pages = {191--219},
    volume = {100},
    url = {http://www.sciencedirect.com/science/article/pii/S0022053100927856},
    isbn = {0022-0531},
    doi = {10.1006/jeth.2000.2785},
    issn = {00220531},
    keywords = {Markov perfect equilibrium, dynamic games, payoff-relevant histories, robustness, simple strategies}
}

@article{WeintraubGabrielYLanierBenkardVanRoy2008,
    title = {{Markov Perfect Industry Dynamics With Many Firms}},
    year = {2008},
    journal = {Econometrica},
    author = {Weintraub, Gabriel Y and Benkard, Lanier and Van Roy, Benjamin},
    number = {6},
    pages = {1375--1411},
    volume = {76},
    isbn = {00129682},
    doi = {10.3982/ECTA6158},
    issn = {0012-9682}
}

@article{Ericson1995,
    title = {{Markov-perfect industry dynamics: A framework for empirical work}},
    year = {1995},
    journal = {The Review of Economic Studies},
    author = {Ericson, Richard and Pakes, Ariel},
    number = {1},
    pages = {53--82},
    volume = {62},
    url = {http://restud.oxfordjournals.org/content/62/1/53.short},
    isbn = {0034-6527},
    doi = {10.2307/2297841},
    issn = {00346527},
    arxivId = {-}
}

@article{Lee2013,
    title = {{Markov-Perfect Network Formation An Applied Framework for Bilateral Oligopoly and Bargaining in Buyer-Seller Networks *}},
    year = {2013},
    author = {Lee, Robin S and Fong, Kyna},
    url = {http://www.people.fas.harvard.edu/~robinlee/papers/MPNENetworkFormation.pdf},
    keywords = {Bilateral oligopoly, C78, D85, I11, L13, L14, bargaining, buyer-seller networks, network formation JEL}
}

@article{Boldea2009,
    title = {{Maximum likelihood estimation of the multivariate normal mixture model}},
    year = {2009},
    journal = {Journal of the American Statistical},
    author = {Boldea, O and Magnus, JR},
    url = {http://www.tandfonline.com/doi/abs/10.1198/jasa.2009.tm08273}
}

@article{Dempster1977,
    title = {{Maximum likelihood from incomplete data via the EM algorithm}},
    year = {1977},
    journal = {Journal of the Royal Statistical Society Series B Methodological},
    author = {Dempster, A.P. and Laird, N.M. and Rubin, Donald B},
    number = {1},
    pages = {1--38},
    volume = {39},
    url = {http://links.jstor.org/sici?sici=0035-9246%25281977%252939%253A1%253C1%253AMLFIDV%253E2.0.CO%253B2-Z http://www.jstor.org/stable/10.2307/2984875},
    isbn = {0000000779},
    doi = {http://dx.doi.org/10.2307/2984875},
    issn = {00359246},
    pmid = {9501024},
    arxivId = {0710.5696v2}
}

@article{Doraszelski2014,
    title = {{Measuring the bias of technological change}},
    year = {2014},
    author = {Doraszelski, U and Jaumandreu, J},
    url = {https://papers.ssrn.com/sol3/papers.cfm?abstract_id=2532943}
}

@unpublished{Srisuma2010,
    title = {{Minimum Distance Estimation for a Class of Markov Decision Processes}},
    year = {2010},
    booktitle = {SSRN},
    author = {Srisuma, Sorawoot},
    doi = {10.2139/ssrn.1654332},
    keywords = {C13, C14, C15, C51, Kernel Smoothing, Markov Decision Models, Semiparamatric Estimation with Nonsmooth Objective}
}

@article{Lindsay1995b,
    title = {{Mixture Models: Theory, Geometry and Applications NSF-CBMS Regional Conference Series in Probability and Statistics}},
    year = {1995},
    journal = {Source: NSF-CBMS Regional Conference Series in Probability and Statistics},
    author = {Lindsay, Bruce G},
    pages = {1--163},
    volume = {5},
    url = {http://www.jstor.org/stable/4153184 http://www.jstor.org/stable/4153184?seq=1&cid=pdf-reference#references_tab_contents http://about.jstor.org/terms}
}

@article{Caves2012,
    title = {{Modeling the welfare effects of net neutrality regulation: A Comment on Economides and T{\aa}g}},
    year = {2012},
    journal = {Information Economics and Policy},
    author = {Caves, Kevin W.},
    number = {3},
    pages = {288--292},
    volume = {24},
    doi = {10.1016/j.infoecopol.2012.07.002},
    issn = {01676245}
}

@article{Joseph1977,
    title = {{Monopoly , Non-Linear Pricing and Imperfect Information : The Insurance Market}},
    year = {1977},
    journal = {The Review of Economic Studies},
    author = {Joseph, Stiglitz},
    number = {3},
    pages = {407--430},
    volume = {44}
}

@article{Aron-dine2012,
    title = {{MORAL HAZARD IN HEALTH INSURANCE :}},
    year = {2012},
    author = {Aron-dine, Aviva and Finkelstein, Amy and Cullen, Mark R}
}

@article{BOURREAU2015,
    title = {{Net Neutrality With Competing Internet Platforms.}},
    year = {2015},
    journal = {Journal of Industrial Economics},
    author = {Bourreau, Marc and Kourandi, Frago and Valletti, Tommaso},
    number = {1},
    pages = {30--73},
    volume = {63},
    url = {http://search.ebscohost.com/login.aspx?direct=true&db=buh&AN=102179226&site=ehost-live},
    doi = {10.1111/joie.12068},
    issn = {00221821},
    keywords = {ACCESS control, COMPUTER networks, INTERNET access, INTERNET content, INTERNET content providers, NETWORK neutrality}
}

@article{Hsieh2017,
    title = {{Network Formation with Local Complements and Global Substitutes: The Case of R{\&}D Networks}},
    year = {2017},
    journal = {SSRN Electronic Journal},
    author = {Hsieh, Chih-Sheng and KKnig, Michael and Liu, Xiaodong},
    url = {http://www.ssrn.com/abstract=2917560},
    doi = {10.2139/ssrn.2917560},
    issn = {1556-5068},
    keywords = {Network formation, key player, mergers and acquisitions, peer effects, subsidies, technology spillovers}
}

@article{Economides2012,
    title = {{Network neutrality on the Internet: A two-sided market analysis}},
    year = {2012},
    journal = {Information Economics and Policy},
    author = {Economides, Nicholas and T{\aa}g, Joacim},
    number = {2},
    pages = {91--104},
    volume = {24},
    isbn = {01676245},
    doi = {10.1016/j.infoecopol.2012.01.001},
    issn = {01676245},
    keywords = {AT{\&} T, Comcast, Discrimination, Duopoly, Google, Internet, Monopoly, Network neutrality, Regulation, Two-sided markets, Verizon}
}

@article{Konig2017,
    title = {{Networks in Conflict: Theory and Evidence from the Great War of Africa *}},
    year = {2017},
    author = {K{\"{o}}nig, Michael D and Rohner, Dominic and Thoenig, Mathias and Zilibotti, Fabrizio and Muller, Valentin and Ottinger, Sebastian and Python, AndrÃ© and Schaefer, Timo and Schief, Matthias and Zorzi, Nathan and Zwyssig, Laura and Acemoglu, Daron and Adda, Jerome and Alesina, Alberto and Casella, Alessandra and Dal Bo, Ernesto and Dell, Melissa and Griffith, Rachel and Hemous, David and Humphreys, Macartan and Morelli, Massimo and Olken, Benjamin and S{\'{a}}ez Mart{\'{i}}, MarÃ­a and Sunde, Uwe and Udry, Chris and Vega Redondo, Fernando and Robin, Jean-Marc and Yanagizawa-Drott, David and Zanella, Giulio},
    url = {http://econ.sites.olt.ubc.ca/files/2017/03/pdf_paper_seminar_theonig.pdf}
}

@article{Schrimpf2015a,
    title = {{Networks Vancouver School of Economics}},
    year = {2015},
    author = {Schrimpf, Paul and Schrimpf, Paul},
    number = {2013}
}

@article{Li2008,
    title = {{Non-finite Fisher information and homogeneity: an EM approach}},
    year = {2008},
    journal = {Biometrika Biometrika Trust},
    author = {Li, Pengfei and Chen, Jiahua and Marriott, Paul},
    number = {2},
    pages = {411--426},
    volume = {96},
    url = {https://www.stat.ubc.ca/~jhchen/paper/Bio08II.pdf}
}

@article{Peters2010,
    title = {{Noncontractible Heterogeneity in Directed Search}},
    year = {2010},
    journal = {Econometrica},
    author = {Peters, Michael},
    number = {4},
    pages = {1173--1200},
    volume = {78},
    doi = {10.3982/ECTA8379},
    issn = {0012-9682},
    keywords = {Directed search, heterogeneous workers, limits of}
}

@incollection{Fudenberg1989,
    title = {{Noncooperative game theory for industrial organization: An introduction and overview}},
    year = {1989},
    booktitle = {Handbook of Industrial Organization},
    author = {Fudenberg, Drew and Tirole, Jean},
    pages = {259--327},
    volume = {1},
    isbn = {9780444704344},
    doi = {10.1016/S1573-448X(89)01008-3}
}

@unpublished{Bajari2008,
    title = {{Nonparametric and Semiparametric Analysis of a Dynamic Game Model}},
    year = {2008},
    author = {Bajari, Patrick and Chernozhukov, Victor and Hong, Han and Nekipelov, Denis},
    number = {December},
    keywords = {Incomplete information, Nonparametric iden-tification, Semiparametric estimation, Static and dynamic games}
}

@unpublished{Blevins2010,
    title = {{Nonparametric Identification of Dynamic Games with Discrete and Continuous Choices}},
    year = {2010},
    author = {Blevins, Jason},
    pages = {1--16},
    url = {http://citeseerx.ist.psu.edu/viewdoc/download?doi=10.1.1.363.818&rep=rep1&type=pdf},
    keywords = {c14, c5, c73, dynamic discrete choice, dynamic games, jel classification, nonparametric identification}
}

@unpublished{Hu2008,
    title = {{Nonparametric identification of dynamic models with unobserved state variables}},
    year = {2008},
    author = {Hu, Yingyao and Shum, Matthew},
    url = {http://www.econstor.eu/handle/10419/49893}
}

@article{Kasahara2009,
    title = {{Nonparametric Identification of Finite Mixture Models of Dynamic Discrete Choices}},
    year = {2009},
    journal = {Econometrica},
    author = {Kasahara, Hiroyuki and Shimotsu, Katsumi},
    number = {1},
    month = {1},
    pages = {135--175},
    volume = {77},
    publisher = {Blackwell Publishing Ltd},
    url = {http://doi.wiley.com/10.3982/ECTA6763},
    doi = {10.3982/ECTA6763},
    issn = {0012-9682},
    keywords = {Dynamic discrete choice models, finite mixture, nonparametric identification, panel data, unobserved heterogeneity}
}

@article{Berry2009,
    title = {{Nonparametric Identification of Multinomial Choice Demand Models with Heterogeneous}},
    year = {2009},
    author = {Berry, Steven and Haile, Philip},
    url = {http://www.nber.org/papers/w15276}
}

@article{Arcidiacono2014a,
    title = {{Nonstationary dynamic models with finite dependence}},
    year = {2014},
    author = {Arcidiacono, Peter and Miller, Robert},
    url = {http://comlabgames.com/ramiller/working_papers/Arcidiacono_ Miller_Finate_Dependence.pdf}
}

@misc{Hao2017,
    title = {{normalRegPanelMix: Finite Mixture Model with Normal Panel Data}},
    year = {2017},
    author = {Hao, Jasmine},
    url = {https://github.com/jasminefish000/normalRegPanelMix}
}

@unpublished{Wooldridge2009,
    title = {{On estimating firm-level production functions using proxy variables to control for unobservables}},
    year = {2009},
    booktitle = {Economics Letters},
    author = {Wooldridge, Jeffrey M.},
    number = {3},
    pages = {112--114},
    volume = {104},
    url = {http://www.sciencedirect.com/science/article/pii/S0165176509001487},
    doi = {10.1016/j.econlet.2009.04.026},
    issn = {01651765}
}

@article{Sen1985,
    title = {{On the asymptotic performance of the log likelihood ratio statistic for the mixture model and related results}},
    year = {1985},
    journal = {IN PROCEEDINGS OF THE BERKELEY CONFERENCE IN HONOR OF},
    author = {Sen, Pranab Kumar and Ghosh, Jayanta Kumar},
    pages = {789--806},
    url = {http://citeseerx.ist.psu.edu/viewdoc/summary?doi=10.1.1.154.4020}
}

@article{Gandhi2016,
    title = {{On the Identification of Production Functions: How Heterogeneous is Productivity?}},
    year = {2016},
    author = {Gandhi, Amit and Navarro, Salvador and Rivers, David},
    url = {http://publish.uwo.ca/~drivers2/research/GNR_2_16.pdf}
}

@unpublished{Gandhi2011,
    title = {{On the identification of production functions: How heterogeneous is productivity?}},
    year = {2013},
    author = {Gandhi, Amit and Navarro, Salvador and Rivers, David},
    url = {http://ir.lib.uwo.ca/cgi/viewcontent.cgi?article=1071&context=economicscibc}
}

@article{Cooper2006,
    title = {{On the nature of capital adjustment costs}},
    year = {2006},
    journal = {Review of Economic Studies},
    author = {Cooper, Russell W. and Haltiwanger, John C.},
    number = {3},
    month = {7},
    pages = {611--633},
    volume = {73},
    publisher = {Oxford University Press},
    url = {https://academic.oup.com/restud/article-lookup/doi/10.1111/j.1467-937X.2006.00389.x},
    isbn = {0033-5533},
    doi = {10.1111/j.1467-937X.2006.00389.x},
    issn = {00346527}
}

@article{Rothwell1997,
    title = {{On the optimal lifetime of nuclear power plants}},
    year = {1997},
    journal = {Journal of Business and Economic Statistics},
    author = {Rothwell, Geoffrey and Rust, John},
    number = {2},
    month = {4},
    pages = {195--208},
    volume = {15},
    publisher = {Taylor {\&} Francis Group},
    isbn = {07350015},
    doi = {10.1080/07350015.1997.10524700},
    issn = {15372707},
    keywords = {Atomic Energy Act, Dynamic programming, Electricity generation, Life extension, Maximum likelihood estimation, Nuclear Regulatory Commission}
}

@article{Rust1987,
    title = {{Optimal Replacement of GMC Bus Engines : An Empirical Model of Harold Zurcher}},
    year = {1987},
    journal = {Econometrica},
    author = {Rust, John},
    number = {5},
    pages = {999--1033},
    volume = {55}
}

@article{Rust1995,
    title = {{Optimal response to a shift in regulatory regime: The case of the US nuclear power industry}},
    year = {1995},
    journal = {Journal of Applied Econometrics},
    author = {Rust, John and Rothwell, Geoffrey},
    number = {1 S},
    month = {12},
    pages = {S75-S118},
    volume = {10},
    publisher = {Wiley-Blackwell},
    url = {http://doi.wiley.com/10.1002/jae.3950100506},
    isbn = {0883-7252},
    doi = {10.1002/jae.3950100506},
    issn = {10991255}
}

@article{Hong2010,
    title = {{Pairwise-difference estimation of a dynamic optimization model}},
    year = {2010},
    journal = {Review of Economic Studies},
    author = {Hong, Han and Shum, Matthew},
    number = {1},
    pages = {273--304},
    volume = {77},
    doi = {10.1111/j.1467-937X.2009.00576.x},
    issn = {00346527}
}

@incollection{Chamberlain1984,
    title = {{Panel data}},
    year = {1984},
    booktitle = {Handbook of econometrics},
    author = {Chamberlain, G},
    pages = {1247--1318},
    volume = {2},
    url = {http://www.sciencedirect.com/science/article/pii/S1573441284020146}
}

@article{Chung2013,
    title = {{Persuasion and learning by countersignaling}},
    year = {2013},
    journal = {Economics Letters},
    author = {Chung, Kim Sau and Esodouble acute, PÃ©ter},
    number = {3},
    pages = {487--491},
    volume = {121},
    doi = {10.1016/j.econlet.2013.10.002},
    issn = {01651765},
    keywords = {Countersignaling, Learning, Persuasion, Signaling}
}

@article{Rochet2003,
    title = {{Platform Competition in Two-sided Markets}},
    year = {2003},
    journal = {Journal of the European Economic Association},
    author = {Rochet, Jean-charles and Tirole, Jean},
    number = {4},
    month = {6},
    pages = {990--1029},
    volume = {1},
    publisher = {Blackwell Publishing Ltd},
    url = {http://doi.wiley.com/10.1162/154247603322493212},
    doi = {10.1162/154247603322493212},
    issn = {1542-4766}
}

@article{Esteban2014,
    title = {{Platforms : A Multiplicity of Research Opportunities Platforms : A Multiplicity of Research Opportunities Abstract}},
    year = {2014},
    author = {Esteban, Mercedes and Universidad, Bravo and Iii, Carlos},
    number = {June 2013},
    keywords = {Internet Commerce, Platforms, Simultaneity, Two-sided Markets}
}

@article{Heckman2000,
    title = {{Policies to Foster Human Capital}},
    year = {2000},
    journal = {Research in Economics},
    author = {Heckman, James},
    number = {December 1998},
    pages = {3--56},
    volume = {54},
    url = {http://www.idealibrary.com},
    isbn = {10909443},
    doi = {10.1006/reec.1999.0225},
    issn = {1090-9443},
    pmid = {1000004974},
    arxivId = {arXiv:1011.1669v3},
    keywords = {Skill formation, early interventions, human capital, non-cognitive skills}
}

@article{Arcidiacono2011,
    title = {{Practical Methods for Estimation of Dynamic Discrete Choice Models}},
    year = {2011},
    journal = {Annual Review of Economics},
    author = {Arcidiacono, Peter and Ellickson, Paul},
    number = {1},
    volume = {3},
    isbn = {1941-1383},
    doi = {10.1146/annurev-economics-111809-125038},
    issn = {1941-1383}
}

@unpublished{Eden2014,
    title = {{Price Dispersion and Demand Uncertainty: Evidence from US Scanner Data}},
    year = {2014},
    booktitle = {SSRN},
    author = {Eden, Benjamin},
    doi = {10.2139/ssrn.2500316},
    issn = {00206598},
    keywords = {D50, D80, D83, Demand Uncertainty, L10, Price Dispersion, Sequential Trade}
}

@article{Deneckere1992,
    title = {{Price Leadership}},
    year = {1992},
    journal = {Review of Economic Studies (},
    author = {Deneckere, Raymond J. and Kovenock, Dan},
    pages = {143--162},
    volume = {59},
    url = {https://watermark.silverchair.com/59-1-143.pdf?token=AQECAHi208BE49Ooan9kkhW_Ercy7Dm3ZL_9Cf3qfKAc485ysgAAAckwggHFBgkqhkiG9w0BBwagggG2MIIBsgIBADCCAasGCSqGSIb3DQEHATAeBglghkgBZQMEAS4wEQQMBd9XNi5NaRdNBqe-AgEQgIIBfOW2I7F2Uf5xnZjpqiYc3SOmLarjK6k2vpT0urcjIAlUCX},
    doi = {10.2307/2297930},
    issn = {00346527},
    pmid = {21684054},
    keywords = {Sherman Act, colus{\~{a}}o, conspiracy, direito da concorr{\^{e}}ncia, hist{\'{o}}ria, oligop{\'{o}}lio, price leadership, pr{\'{a}}tica concertada}
}

@article{Grieco2015,
    title = {{Productivity and Quality in Health Care: Evidence from the Dialysis Industry *}},
    year = {2015},
    author = {Grieco, Paul L E and Mcdevitt, Ryan C},
    keywords = {D24, I1, JEL, L2 Keywords, health care, productivity, quality variation}
}

@article{VanBiesebroeck2003,
    title = {{Productivity dynamics with technology choice: An application to automobile assembly}},
    year = {2003},
    journal = {The Review of Economic Studies},
    author = {Van Biesebroeck, J},
    url = {https://academic.oup.com/restud/article-abstract/70/1/167/1561029}
}

@misc{R_package,
    title = {{R: A Language and Environment for Statistical Computing}},
    year = {2013},
    author = {{R Core Team}},
    url = {http://www.r-project.org/}
}

@article{Chiong,
    title = {{Random Projection Estimation of Discrete-Choice Models with Large Choice Sets *}},
    author = {Chiong, Khai X and Shum, Matthew},
    url = {http://people.hss.caltech.edu/~kchiong/chiong_shum.pdf},
    keywords = {C14, C25, C55, Johnson-Lindenstrauss Lemma JEL, cyclic monotonicity, discrete choice models, large choice sets, machine learning, random projection, semiparametric}
}

@misc{Eddelbuettel,
    title = {{RcppArmadillo: Accelerating R with high-performance C+}},
    author = {Eddelbuettel, Dirk and Sanderson, Conrad},
    url = {http://ac.els-cdn.com/S0167947313000492/1-s2.0-S0167947313000492-main.pdf?_tid=981b84ee-5d67-11e5-8aa2-00000aab0f27&acdnat=1442513702_91773196c42dd9f26ce268fb76eb0e2a},
    keywords = {C++, R, Software, linear algebra}
}

@article{Aguirregabiria2010,
    title = {{Recent developments in empirical dynamic models of demand and competition in oligopoly markets}},
    year = {2010},
    journal = {Unpublished manuscript. July},
    author = {Aguirregabiria, Victor and Nevo, Aviv},
    number = {3},
    pages = {483--507},
    volume = {51},
    url = {http://www.webmeets.com/files/papers/ESWC/2010/3050/worldcongress_aviv_victor_070810.pdf http://www.acrobatplanet.com/go/Recent_Developments_in_Empirical.pdf%5Cnhttp://www.webmeets.com/files/papers/ESWC/2010/3050/worldcongress_aviv_victor_070810.pdf},
    isbn = {9781139060035},
    doi = {10.1017/CBO9781139060035.003},
    issn = {1556-5068},
    pmid = {910},
    keywords = {counterfactual experiments, dynamic demand, dynamic games, estimation, inclusive values, industrial organization, multiple equilibria, oligopoly competition, unobserved het}
}

@article{Beauchamp2015,
    title = {{Regulation, Imperfect competition, and the U.S. abortion market}},
    year = {2015},
    journal = {International Economic Review},
    author = {Beauchamp, Andrew},
    number = {3},
    volume = {56}
}

@article{Andrews2003,
    title = {{Retention of latent segments in regression-based marketing models}},
    year = {2003},
    journal = {International Journal of Research in Marketing},
    author = {Andrews, Rick L and Currim, Imran S},
    number = {4},
    pages = {315--321},
    volume = {20},
    isbn = {0167-8116},
    doi = {10.1016/j.ijresmar.2003.04.001},
    issn = {01678116},
    keywords = {Finite mixture, Information criteria, Segmentation}
}

@article{Heckman1979,
    title = {{Sample selection bias as a specification error}},
    year = {1979},
    journal = {Econometrica},
    author = {Heckman, James J.},
    number = {1},
    month = {1},
    pages = {153--161},
    volume = {47},
    isbn = {4030008526},
    doi = {10.2307/1912352},
    issn = {00129682},
    pmid = {1912352},
    arxivId = {arXiv:1011.1669v3}
}

@article{Einav2013,
    title = {{Selection on Moral Hazard in Health Insurance}},
    year = {2013},
    journal = {American Economic Review},
    author = {Einav, Liran and Finkelstein, Amy and Ryan, Stephen P and Schrimpf, Paul and Cullen, Mark R},
    number = {1},
    pages = {178--219},
    volume = {103},
    url = {http://dx.doi.org/10.1257/aer.103.1.178},
    doi = {10.1257/aer.103.1.178}
}

@article{Bajari2005,
    title = {{Semiparametric Estimation of Dynamic Games of Incomplete Information}},
    year = {2005},
    author = {Bajari, Patrick and Hong, Han},
    url = {http://stanford.edu/~doubleh/papers/dyngame-1.pdf}
}

@article{Brannas1994,
    title = {{Semiparametric estimation of heterogeneous count data models}},
    year = {1994},
    journal = {European Journal of Operational Research},
    author = {Br{\"{a}}nn{\"{a}}s, Kurt and Rosenqvist, Gunnar},
    number = {2},
    month = {7},
    pages = {247--258},
    volume = {76},
    doi = {10.1016/0377-2217(94)90105-8},
    issn = {03772217}
}

@article{Srisuma2012,
    title = {{Semiparametric estimation of Markov decision processes with continuous state space}},
    year = {2012},
    journal = {Journal of Econometrics},
    author = {Srisuma, Sorawoot and Linton, Oliver},
    number = {2},
    pages = {320--341},
    volume = {166},
    isbn = {03044076},
    doi = {10.1016/j.jeconom.2011.10.003},
    issn = {03044076},
    pmid = {1288129},
    keywords = {Discrete Markov decision models, Kernel smoothing semiparametric estimation, Well-posed inverse problem}
}

@article{Aguirregabiria2007,
    title = {{Sequential estimation of dynamic discrete games}},
    year = {2007},
    journal = {Econometrica},
    author = {Aguirregabiria, Victor and Mira, Pedro},
    number = {1},
    pages = {1--53},
    volume = {75}
}

@article{Kasahara2011,
    title = {{Sequential Estimation of Dynamic Programming Models}},
    year = {2011},
    author = {Kasahara, Hiroyuki and Shimotsu, Katsumi},
    url = {http://faculty.arts.ubc.ca/hkasahara/workingpapers/sequential_estimation.pdf},
    keywords = {C13, C14, C63, dynamic discrete choice, equilibrium constraint JEL Classification Numbers, nested pseudo likelihood, un-observed heterogeneity, value function mapping}
}

@article{Kasahara2012,
    title = {{Sequential Estimation of Structural Models with a Fixed Point Constraint}},
    year = {2012},
    journal = {Econometrica},
    author = {Kasahara, Hiroyuki and Shimotsu, Katsumi},
    number = {5},
    pages = {2303--2319},
    volume = {80},
    url = {http://faculty.arts.ubc.ca/hkasahara/workingpapers/sequential.pdf},
    keywords = {C13, C14, C63, contraction, dynamic games, nested pseudo likelihood}
}

@article{Pakes2007,
    title = {{Simple estimators for the parameters of discrete dynamic games (with entry/exit examples)}},
    year = {2007},
    journal = {The RAND Journal of Economics},
    author = {Pakes, Ariel and Ostrovsky, Michael and Berry, Steven},
    number = {2},
    pages = {373--399},
    volume = {38},
    isbn = {1756-2171},
    doi = {10.1111/j.1756-2171.2007.tb00073.x},
    issn = {07416261}
}

@article{Morris2002,
    title = {{Social Value of Public Information}},
    year = {2002},
    journal = {The American Economic Review},
    author = {Morris, Stephen},
    number = {5},
    pages = {1521--1534},
    volume = {92},
    url = {http://www.jstor.org http://www.jstor.org/stable/3083261 http://www.jstor.org/ http://www.jstor.org/action/showPublisher?publisherCode=aea.}
}

@unpublished{Aguirregabiria2016,
    title = {{Solution and Estimation of Dynamic Discrete Choice Structural Models Using Euler Equations}},
    year = {2016},
    author = {Aguirregabiria, Victor and Magesan, Arvind},
    url = {http://aguirregabiria.net/wpapers/euler_counterfactuals_single_agent.pdf},
    keywords = {Approximation bias JEL, C13, C35, C51, C61, Dynamic programming discrete choice models, Estimation, Euler equations, Relative Value Function iteration}
}

@techreport{DenHaan,
    title = {{Solving Models with Heterogeneous Agents-KS algorithm}},
    author = {Den Haan, Wouter J}
}

@unpublished{Watson,
    title = {{Starting Small and Commitment}},
    year = {1999},
    author = {Watson, Joel},
    url = {https://escholarship.org/uc/item/37p340fc}
}

@article{Watson2002,
    title = {{Starting Small and Renegotiation}},
    year = {2002},
    journal = {Games and Economic Behavior},
    author = {Watson, Joel},
    number = {1},
    pages = {176--199},
    volume = {38},
    isbn = {0022-0531},
    doi = {10.1006/game.2001.0857},
    issn = {08998256}
}

@unpublished{Rauch,
    title = {{Starting small in an unfamiliar environment}},
    year = {1999},
    author = {Rauch, James and Watson, Joel},
    url = {https://escholarship.org/uc/item/4rp145hc}
}

@article{Dube2010,
    title = {{State dependence and alternative explanations for consumer inertia}},
    year = {2010},
    journal = {The RAND Journal of Economics},
    author = {Dub{\'{e}}, Jean-Pierre and Hitsch, GÃ¼nter J. and Rossi, Peter E.},
    number = {3},
    month = {8},
    pages = {417--445},
    volume = {41},
    publisher = {Blackwell Publishing Inc},
    url = {http://doi.wiley.com/10.1111/j.1756-2171.2010.00106.x},
    doi = {10.1111/j.1756-2171.2010.00106.x},
    issn = {07416261}
}

@book{D.M.Titterington1985,
    title = {{Statistical Analysis of Finite Mixture Distributions}},
    year = {1985},
    booktitle = {Wiley},
    author = {Titterington, D. Michael and Smith, Adrian FM and Makov, Udi E.},
    pages = {243},
    publisher = {Wiley ,},
    url = {http://dl.merc.ac.ir/handle/Hannan/12415#sthash.gUurM9Rb.dpbs},
    isbn = {0-471-90763-4},
    keywords = {Book, Mixture distributions  Probability theory}
}

@article{Breiman2001,
    title = {{Statistical Modeling: The Two Cultures}},
    year = {2001},
    journal = {Statistical Science},
    author = {Breiman, Leo},
    number = {3},
    pages = {199--231},
    volume = {16}
}

@article{Pakes2001,
    title = {{Stochastic Algorithms, Symmetric Markov Perfect Equilibrium, and the 'curse' of Dimensionality}},
    year = {2001},
    journal = {Econometrica},
    author = {Pakes, Ariel and McGuire, Paul},
    number = {5},
    pages = {1261--1281},
    volume = {69},
    url = {http://onlinelibrary.wiley.com/doi/10.1111/1468-0262.00241/full},
    isbn = {00129682},
    doi = {10.1111/1468-0262.00241},
    issn = {0012-9682},
    keywords = {and the, chastic algorithms, curse, of, symmetric markov perfect equilibrium}
}

@article{Schivardi2008,
    title = {{Strategic experimentation and disruptive technological change}},
    year = {2008},
    journal = {Review of Economic Dynamics},
    author = {Schivardi, Fabiano and Schneider, Martin},
    number = {2},
    pages = {386--412},
    volume = {11},
    isbn = {1094-2025},
    doi = {10.1016/j.red.2007.09.002},
    issn = {10942025},
    keywords = {Dynamic games, Innovation, Learning, Oligopoly}
}

@article{Reiss,
    title = {{Structural econometric modeling: rationales and examples from industrial organization}},
    author = {Reiss, Peter C and Wolak, Frank A},
    doi = {10.1016/S1573-4412(07)06064-3}
}

@article{Rust1994,
    title = {{Structural estimation of Markov Decision Processes}},
    year = {1994},
    journal = {Handbook of econometrics},
    author = {Rust, John},
    pages = {3081--3143},
    volume = {4}
}

@unpublished{Ackerberg2006,
    title = {{Structural identification of production functions}},
    year = {2006},
    author = {Ackerberg, Daniel and Caves, Kevin and Frazer, Garth},
    url = {https://mpra.ub.uni-muenchen.de/id/eprint/38349}
}

@article{Ellickson2015,
    title = {{Supermarket Pricing Strategies}},
    year = {2015},
    journal = {Food Manufacture},
    author = {Ellickson, Paul and Misra, Sanjog},
    number = {5},
    pages = {811--828},
    volume = {27},
    doi = {10.1287/mksc.l080.0398}
}

@article{Aguirregabiria2002,
    title = {{Swapping the Nested Fixed Point Algorithm: A Class of Estimators for Discrete Markov Decision Models}},
    year = {2002},
    journal = {Econometrica},
    author = {Aguirregabiria, Victor and Mira, Pedro},
    number = {4},
    pages = {1519--1543},
    volume = {70},
    keywords = {discrete markov decision models, maximum pseudo-likelihood estimators, nested algorithms, policy iteration}
}

@article{Chen2003,
    title = {{Test for homogeneity in normal mixtures in the presence of a structural parameter}},
    year = {2003},
    journal = {Statistica Sinica},
    author = {Chen, Hanfeng and Chen, Jiahua},
    pages = {351--365},
    volume = {13},
    publisher = {Institute of Statistical Science, Academia Sinica},
    url = {https://www.jstor.org/stable/24307137},
    doi = {10.2307/24307137}
}

@article{Chen2004,
    title = {{Testing for a Finite Mixture Model with Two Components}},
    year = {2004},
    journal = {Journal of the Royal Statistical Society. Series B (Statistical Methodology)},
    author = {Chen, Hanfeng and Chen, Jiahua and Kalbfleisch, John D.},
    pages = {95--115},
    volume = {66},
    publisher = {WileyRoyal Statistical Society},
    url = {https://www.jstor.org/stable/3647629},
    doi = {10.2307/3647629}
}

@article{Cho2007,
    title = {{Testing for regime switching}},
    year = {2007},
    journal = {Econometrica},
    author = {Cho, Jin Seo and White, Halbert},
    number = {6},
    month = {11},
    pages = {1671--1720},
    volume = {75},
    publisher = {Blackwell Publishing Ltd},
    url = {http://doi.wiley.com/10.1111/j.1468-0262.2007.00809.x},
    doi = {10.1111/j.1468-0262.2007.00809.x},
    issn = {00129682},
    keywords = {Markov regime switching, bounds for critical values, cartel stability, likelihood ratio statistic, mixture model, null distribution}
}

@unpublished{Kasahara2012b,
    title = {{Testing the number of components in finite mixture models}},
    year = {2012},
    author = {Kasahara, Hiroyuki and Shimotsu, Katsumi},
    keywords = {and phrases, asymptotic distribution, likelihood ratio test, local MLE, modified EM test, number of components, reparameterization}
}

@article{Kasahara2015a,
    title = {{Testing the number of components in normal mixture regression models}},
    year = {2015},
    journal = {Journal of the American Statistical Association},
    author = {Kasahara, Hiroyuki and Shimotsu, Katsumi},
    number = {512},
    pages = {1632--1645},
    volume = {110},
    doi = {10.1080/01621459.2014.986272},
    issn = {0162-1459},
    keywords = {asymptotic distribution, likelihood ratio test, local MLE, modied EM test, number of components, reparameterization}
}

@article{Dacunha-Castelle1999,
    title = {{Testing the order of a model using locally conic parametrization: population mixtures and stationary ARMA processes}},
    year = {1999},
    journal = {The Annals of Statistics},
    author = {Dacunha-Castelle, Didier and Gassiat, Elisabeth},
    number = {4},
    pages = {1178--1209},
    volume = {27},
    url = {http://projecteuclid.org/euclid.aos/1017938921}
}

@article{Andrews2001,
    title = {{Testing When a Parameter is on the Boundary of the Maintained Hypothesis}},
    year = {2001},
    journal = {Econometrica},
    author = {Andrews, Donald},
    number = {3},
    pages = {683--734},
    volume = {69},
    doi = {10.1111/1468-0262.00210},
    issn = {0012-9682}
}

@article{Jenkins2004,
    title = {{The browser war: Econometric analysis of Markov perfect equilibrium in markets with network effects}},
    year = {2004},
    journal = {University of California- {\ldots}},
    author = {Jenkins, Mark and Liu, Paul},
    number = {May},
    url = {http://209.197.108.139/annual_mtg_papers/2005/0108_1430_0103.pdf},
    keywords = {and phrases, and to ken w, at http, berkeley, c35, c51, c53, c73, edu, em lab, for research assistance, ise, jel codes, l13, l15, l41, l63, m cfadden, markov{\_}perfect{\_}equilibrium, network{\_}externalities, oligopoly{\_}theory, this paper is posted, to peter adam s, uirich doraszelski, w e are indebted}
}

@unpublished{Jenkins2004b,
    title = {{The Browser Wars â Econometric Analysis of Markov Perfect Equilibrium in Markets with Network Effects}},
    year = {2004},
    author = {Jenkins, Mark and Liu, Paul and Matzkin, Rosa L and Mcfadden, Daniel L and Lerner, Abba},
    url = {http://www.econ.ucla.edu/matzkin/research/Browser190404a.pdf},
    keywords = {C35, Markov{\_}Perfect-Equilibrium JEL Codes, Network{\_}Externalities, Oligopoly{\_}Theory, and Phrases}
}

@article{Keane,
    title = {{The career decisions of young men}},
    year = {1997},
    journal = {Journal of Political Economy},
    author = {Keane, Michael P and Wolpin, Kenneth I},
    number = {3},
    pages = {473--522},
    volume = {105},
    url = {http://www.journals.uchicago.edu/doi/pdfplus/10.1086/262080},
    isbn = {00223808},
    doi = {10.1086/262080},
    issn = {00223808}
}

@article{Swatman2006,
    title = {{The changing digital content landscape: An evaluation of e-business model development in European online news and music}},
    year = {2006},
    journal = {Internet Research},
    author = {Swatman, Paula M.C. and Krueger, Cornelia and Beek, Kornelia Van Der},
    number = {1},
    pages = {53--80},
    volume = {16},
    isbn = {10662243},
    doi = {10.1108/10662240610642541},
    issn = {1066-2243}
}

@article{Ryan2012,
    title = {{The Costs of Environmental Regulation in a Concentrated Industry}},
    year = {2012},
    journal = {Econometrica},
    author = {Ryan, Stephen P.},
    number = {3},
    month = {5},
    pages = {1019--1061},
    volume = {80},
    publisher = {Blackwell Publishing Ltd},
    url = {http://doi.wiley.com/10.3982/ECTA6750},
    doi = {10.3982/ECTA6750},
    issn = {0012-9682},
    keywords = {Clean air act, dynamic games, environmental regulation, portland cement}
}

@article{Ryan2012a,
    title = {{The Costs of Environmental Regulation in a Concentrated Industry}},
    year = {2012},
    journal = {Econometrica},
    author = {Ryan, Stephen P},
    number = {3},
    pages = {1019--1061},
    volume = {80},
    url = {http://doi.wiley.com/10.3982/ECTA6750},
    isbn = {1468-0262},
    doi = {10.3982/ECTA6750},
    issn = {0012-9682}
}

@article{Olley1996,
    title = {{The Dynamics of Productivity in the Telecommunications Equipment Industry}},
    year = {1996},
    journal = {Econometrica},
    author = {Olley, Steven and Pakes, Ariel},
    number = {6},
    month = {11},
    pages = {1263--1297},
    volume = {64},
    publisher = {The Econometric Society},
    url = {http://www.jstor.org/stable/2171831?origin=crossref},
    isbn = {00129682},
    doi = {10.2307/2171831},
    issn = {00129682},
    pmid = {25246403},
    arxivId = {arXiv:1011.1669v3},
    keywords = {productivity, selection, simultaneity and production functions, telecommunications equipment and deregulation}
}

@article{Rysman2009,
    title = {{The Economics of Two-Sided Markets What Defines a Two-Sided Market?}},
    year = {2009},
    journal = {Journal of Economic PerspectivesâVolume},
    author = {Rysman, Marc},
    number = {3âSummer},
    pages = {125--143},
    volume = {23},
    isbn = {08953309},
    doi = {10.1257/jep.23.3.125},
    issn = {0895-3309},
    pmid = {43747638}
}

@article{Bronnenberg2012a,
    title = {{The Evolution of Brand Preferences: Evidence from Consumer Migration}},
    year = {2012},
    journal = {American Economic Review},
    author = {Bronnenberg, Bart J and Dub{\'{e}}, Jean-Pierre H and Gentzkow, Matthew},
    number = {6},
    pages = {2472--2508},
    volume = {102},
    url = {http://dx.doi.org/10.1257/aer.102.6.2472},
    doi = {10.1257/aer.102.6.2472}
}

@misc{Bronnenberg2012,
    title = {{The evolution of brand preferences: Evidence from consumer migration}},
    year = {2012},
    booktitle = {American Economic Review},
    author = {Bronnenberg, Bart J. and Dub{\'{e}}, Jean Pierre H. and Gentzkow, Matthew},
    number = {6},
    pages = {2472--2508},
    volume = {102},
    isbn = {9788578110796},
    doi = {10.1257/aer.102.6.2472},
    issn = {00028282},
    pmid = {25246403},
    arxivId = {arXiv:1011.1669v3}
}

@article{Gaynor2014,
    title = {{The Industrial Organization of Health Care Markets}},
    year = {2014},
    author = {Gaynor, Martin and Ho, Kate and Town, Robert},
    pages = {1--64},
    url = {http://www.nber.org/papers/w19800 http://www.nber.org/papers/w19800.ack},
    isbn = {9780444504715},
    doi = {10.3386/w19800},
    issn = {15740064},
    keywords = {Health Care, Health Economics, Industrial Organiza}
}

@article{Chen2001,
    title = {{The likelihood ratio test for homogeneity in finite mixture models}},
    year = {2001},
    journal = {Canadian Journal of Statistics},
    author = {Chen, Hanfeng and Chen, Jiahua},
    number = {2},
    month = {6},
    pages = {201--215},
    volume = {29},
    publisher = {Statistical Society of Canada},
    url = {http://doi.wiley.com/10.2307/3316073},
    doi = {10.2307/3316073}
}

@unpublished{Peters,
    title = {{The pre-marital investment game}},
    author = {Peters, Michael}
}

@article{Zervas2014,
    title = {{The Rise of the Sharing Economy: Estimating the Impact of Airbnb on the Hotel Industry}},
    year = {2014},
    author = {Zervas, Georgios and Proserpio, Davide and Byers, John W},
    url = {http://ssrn.com/abstract=2366898}
}

@incollection{Keane2011,
    title = {{The Structural Estimation of Behavioral Models: Discrete Choice Dynamic Programming Methods and Applications}},
    year = {2011},
    booktitle = {Handbook of Labor Economics},
    author = {Keane, Michael and Todd, Petra and Wolpin, Kenneth},
    number = {PART A},
    pages = {331--461},
    volume = {4},
    url = {https://www.ssc.wisc.edu/~walker/wp/wp-content/uploads/2013/09/KeaneEtalHBLE2011.pdf},
    isbn = {9780444534507},
    doi = {10.1016/S0169-7218(11)00410-2},
    issn = {15734463},
    keywords = {Discrete choice, Dynamic programming, Human capital, Job search, Labor supply, Structural estimation}
}

@article{Low2017,
    title = {{The Use of Structural Models in Econometrics}},
    year = {2017},
    journal = {Journal of Economic Perspectives},
    author = {Low, Hamish and Meghir, Costas},
    doi = {10.1257/jep.31.2.33},
    issn = {0895-3309}
}

@unpublished{Startz2016,
    title = {{The value of face-to-face: Search and contracting problems in Nigerian trade}},
    year = {2016},
    author = {Startz, Meredith}
}

@misc{VanBeveren2012,
    title = {{Total factor productivity estimation: A practical review}},
    year = {2012},
    booktitle = {Journal of Economic Surveys},
    author = {van Beveren, Ilke},
    isbn = {09500804},
    doi = {10.1111/j.1467-6419.2010.00631.x},
    issn = {09500804},
    keywords = {Imperfect competition, Multi-product firms, Selection bias, Semi-parametric estimation, Simultaneity bias, Total factor productivity}
}

@misc{Pavcnik,
    title = {{Trade Liberalization, Exit, and Productivity Improvements: Evidence from Chilean Plants}},
    booktitle = {The Review of Economic Studies},
    author = {Pavcnik, Nina},
    pages = {245--276},
    volume = {69},
    publisher = {Oxford University Press},
    url = {https://www.jstor.org/stable/2695960},
    doi = {10.2307/2695960}
}

@unpublished{Lind2018,
    title = {{Trade with Correlation}},
    year = {2018},
    author = {Lind, Nelson and Ramondo, Natalia},
    url = {http://www.nber.org/papers/w24380.pdf},
    doi = {10.3386/w24380}
}

@article{Rochet2006,
    title = {{Two-sided markets : a progress report}},
    year = {2006},
    journal = {The RAND Journal of Economics},
    author = {Rochet, Jean-charles and Tirole, Jean},
    number = {3},
    month = {9},
    pages = {645--667},
    volume = {37},
    publisher = {Blackwell Publishing Ltd},
    url = {http://doi.wiley.com/10.1111/j.1756-2171.2006.tb00036.x http://www.jstor.org.ez.urosario.edu.co/stable/25046265},
    isbn = {07416261},
    doi = {10.1111/j.1756-2171.2006.tb00036.x},
    issn = {07416261},
    pmid = {342334010215881012},
    keywords = {an overview, armstrong, coase theorem, jacques cr, jel numbers, l13, l4, l5, membership and usage externalities, the previous version of, this article was entitled, two-sided markets, we thank mark}
}

@article{Roson2005,
    title = {{Two-sided markets: A tentative survey}},
    year = {2005},
    journal = {Review of Network Economics},
    author = {Roson, Roberto},
    url = {http://www.degruyter.com/dg/viewarticle.fullcontentlink:pdfeventlink/$002fj$002frne.2005.4.2$002frne.2005.4.2.1070$002frne.2005.4.2.1070.pdf?t:ac=j$002frne.2005.4.2$002frne.2005.4.2.1070$002frne.2005.4.2.1070.xml}
}

@unpublished{Rochet2004,
    title = {{Two-sided markets: an overview}},
    year = {2004},
    author = {Rochet, Jean-charles and Tirole, Jean},
    url = {http://www.frbatlanta.us/documents/news/conferences/08-payments-econ-03/ep_rochetover.pdf}
}

@article{Crawford2005,
    title = {{Uncertainty and learning in pharmaceutical demand}},
    year = {2005},
    journal = {Econometrica},
    author = {Crawford, Gregory S. and Shum, Matthew},
    number = {4},
    pages = {1137--1173},
    volume = {73},
    isbn = {00129682},
    doi = {10.1111/j.1468-0262.2005.00612.x},
    issn = {00129682},
    keywords = {Dynamic discrete choice, Learning, Matching, Pharmaceutical demand, Uncertainty}
}

@article{Mynbaev2017,
    title = {{Unified estimation of densities on bounded and unbounded domains}},
    year = {2017},
    author = {Mynbaev, Kairat and Martins-Filho, Carlos},
    url = {http://faculty.arts.ubc.ca/vmarmer/seminar/mynbaev_martins-filho_bound.pdf},
    keywords = {62G07, 62G20, Hestenes extension, and phrases Nonparametric estimation, estimation in bounded domains}
}

@article{Gine2007,
    title = {{Uniform central limit theorems for kernel density estimators}},
    year = {2007},
    journal = {Probability Theory and Related Fields},
    author = {Gin{\'{e}}, Evarist and Nickl, Richard},
    number = {3-4},
    pages = {333--387},
    volume = {141},
    url = {http://www.ingentaconnect.com/content/klu/440/2008/00000141/F0020003/00000087%5Cnhttp://www.springerlink.com/content/d852t1442796nx76%5Cnhttp://www.springerlink.com/index/10.1007/s00440-007-0087-9},
    doi = {10.1007/s00440-007-0087-9},
    issn = {0178-8051},
    arxivId = {0805.1406},
    keywords = {kernel density estimation, plug-in, property, smoothed empirical processes, uniform central limit theorem}
}

@article{Hansen2008,
    title = {{Uniform Convergence Rates for Kernel Estimation With Dependent Data}},
    year = {2008},
    journal = {Econometric Theory},
    author = {Hansen, Bruce},
    number = {03},
    pages = {726--748},
    volume = {24},
    doi = {10.1017/S0266466608080304},
    issn = {0266-4666}
}

@article{Hansen2008a,
    title = {{Uniform convergence rates for kernel estimation with dependent data}},
    year = {2008},
    journal = {Econometric Theory},
    author = {Hansen, Bruce E.},
    number = {3},
    pages = {726--748},
    volume = {24},
    doi = {10.1017/S0266466608080304},
    issn = {02664666}
}

@article{Cohen,
    title = {{Using BIg Data to Estimate Consumer Surplus: The Case of Uber}},
    year = {2016},
    author = {Cohen, Peter and Metcalfe, Robert and Angrist, Josh and Chen, Keith and Doyle, Joseph and Farber, Hank and Krueger, Alan and Cohen, Peter and Hahn, Robert}
}

@article{Rust2008,
    title = {{Using randomization to break the curse of dimensionality}},
    year = {1997},
    journal = {Econometrica},
    author = {Rust, John},
    number = {3},
    pages = {487--516},
    volume = {65}
}

@article{Levenstein2002,
    title = {{What Determines Cartel Success?}},
    year = {2006},
    journal = {Journal of Economic Literature},
    author = {Levenstein, Margaret C. and Suslow, Valerie Y.},
    number = {1},
    pages = {43--95},
    volume = {44},
    isbn = {00220515},
    doi = {10.2139/ssrn.299415},
    pmid = {213177491},
    keywords = {L13, L41, N8, antitrust, cartel, collusion, competition policy, price war, price-fixing}
}

@article{Ivaldi2007AControl,
    title = {{A Consumer Surplus Defense in Merger Control}},
    year = {2007},
    journal = {Contributions to Economic Analysis},
    author = {Ivaldi, Marc and Jullien, Bruno and Rey, Patrick and Seabright, Paul and Tirole, Jean},
    pages = {287--302},
    volume = {282},
    url = {https://doi.org/10.1016/S0573-8555},
    doi = {10.1016/S0573-8555(06)82008-0}
}

@article{Erdem1996AData,
    title = {{A Dynamic Analysis of Market Structure Based on Panel Data}},
    year = {1996},
    journal = {Marketing Science},
    author = {Erdem, TÃ¼lin},
    isbn = {0732-2399},
    doi = {10.1287/mksc.15.4.359},
    issn = {0732-2399}
}

@article{Benkard2004AAircraft,
    title = {{A dynamic analysis of the market for wide-bodied commercial aircraft}},
    year = {2004},
    journal = {Review of Economic Studies},
    author = {Benkard, C. Lanier},
    number = {3},
    month = {7},
    pages = {581--611},
    volume = {71},
    publisher = {Oxford University Press},
    url = {https://academic.oup.com/restud/article-lookup/doi/10.1111/j.1467-937X.2004.00297.x},
    doi = {10.1111/j.1467-937X.2004.00297.x},
    issn = {00346527}
}

@article{Francesconi2002AWomen,
    title = {{A Joint Dynamic Model of Fertility and Work of Married Women}},
    year = {2002},
    journal = {Journal of Labor Economics},
    author = {Francesconi, Marco},
    number = {2},
    month = {4},
    pages = {336--380},
    volume = {20},
    url = {https://www.journals.uchicago.edu/doi/10.1086/338220},
    doi = {10.1086/338220},
    issn = {0734-306X}
}

@misc{Dutta2017AElectricity,
    title = {{A literature review on dynamic pricing of electricity}},
    year = {2017},
    booktitle = {Journal of the Operational Research Society},
    author = {Dutta, Goutam and Mitra, Krishnendranath},
    number = {10},
    pages = {1131--1145},
    volume = {68},
    isbn = {0160-5682},
    doi = {10.1057/s41274-016-0149-4},
    issn = {14769360},
    keywords = {demand and price forecasting, demand elasticity, dynamic prices, market segmentation, scheduling of load, willingness to pay}
}

@article{Heckman1984AData,
    title = {{A Method for Minimizing the Impact of Distributional Assumptions in Econometric Models for Duration Data}},
    year = {1984},
    journal = {Econometrica},
    author = {Heckman, J. and Singer, B.},
    number = {2},
    month = {3},
    pages = {271},
    volume = {52},
    url = {https://www.jstor.org/stable/1911491?origin=crossref http://www.jstor.org/stable/1911491?origin=crossref},
    isbn = {0012-9682},
    doi = {10.2307/1911491},
    issn = {00129682},
    pmid = {5889}
}

@article{Bai2004ACointegration,
    title = {{A Panic Attack on Unit Roots and Cointegration}},
    year = {2004},
    journal = {Econometrica},
    author = {Bai, Jushan and Ng, Serena},
    number = {4},
    pages = {1127--1177},
    volume = {72}
}

@article{Breitung2005AData,
    title = {{A parametric approach to the estimation of cointegration vectors in panel data}},
    year = {2005},
    journal = {Econometric Reviews},
    author = {Breitung, JÃ¶rg},
    number = {2},
    pages = {151--173},
    volume = {24},
    doi = {10.1081/ETC-200067895},
    keywords = {Cointegrated systems, Estimation, Inference, Panel data}
}

@article{Bae1987AFirms,
    title = {{A price-setting supergame between two heterogeneous firms}},
    year = {1987},
    journal = {European Economic Review},
    author = {Bae, Hyung},
    number = {6},
    month = {8},
    pages = {1159--1171},
    volume = {31},
    publisher = {North-Holland},
    url = {https://www.sciencedirect.com/science/article/pii/S0014292187800119},
    isbn = {0014-2921},
    doi = {10.1016/S0014-2921(87)80011-9},
    issn = {00142921},
    pmid = {2474}
}

@article{Eaton2014ADynamics,
    title = {{A search and learning model of export dynamics}},
    year = {2014},
    author = {Eaton, Jonathan and Eslava, Marcela and Jinkins, David and Krizan, C J and Tybout, James},
    number = {February},
    pages = {1--31},
    volume = {1},
    url = {http://citeseerx.ist.psu.edu/viewdoc/download?doi=10.1.1.189.2412&rep=rep1&type=pdf http://economics.uchicago.edu/pdf/Eaton Paper 5-24-12.pdf}
}

@article{Hotz1994AChoice,
    title = {{A Simulation Estimator for Dynamic Models of Discrete Choice}},
    year = {1994},
    journal = {The Review of Economic Studies},
    author = {Hotz, Joseph and Miller, Robert and Sanders, Seth and Smith, Jeffrey},
    number = {2},
    pages = {265--289},
    volume = {61},
    url = {http://links.jstor.org/sici?sici=0034-6527%28199404%2961%3A2%3C265%3AASEFDM%3E2.0.CO%3B2-9}
}

@article{Porter1983A1880-1886,
    title = {{A Study of Cartel Stability: The Joint Executive Committee, 1880-1886}},
    year = {1983},
    journal = {The Bell Journal of Economics},
    author = {Porter, Robert H.},
    number = {2},
    month = {23},
    pages = {301},
    volume = {14},
    url = {https://www.jstor.org/stable/3003634?origin=crossref},
    doi = {10.2307/3003634},
    issn = {0361915X}
}

@article{Asker2016ACartel,
    title = {{A Study of the Internal Organization of a Bidding Cartel}},
    year = {2016},
    journal = {The American Economic Review},
    author = {Asker, By John},
    number = {3},
    pages = {724--762},
    volume = {100}
}

@techreport{Harrington2015AUnderstanding,
    title = {{A Theory of Collusion with Partial Mutual Understanding}},
    year = {2015},
    author = {Harrington, Joseph E},
    url = {http://citeseerx.ist.psu.edu/viewdoc/download?doi=10.1.1.716.1204&rep=rep1&type=pdf}
}

@article{Maskin1987ACompetition,
    title = {{A theory of dynamic oligopoly, III Cournot Competition}},
    year = {1987},
    journal = {European Economic Review},
    author = {Maskin, Eric and Tirole, Jean},
    pages = {947--968},
    volume = {31},
    url = {https://scholar.harvard.edu/maskin/files/corrigendum_oligopoly_iii_eer.pdf}
}

@unpublished{Attanasio2015AggregatingSupply,
    title = {{Aggregating Elasticities: Intensive and Extensive Margins of Female Labour Supply}},
    year = {2015},
    author = {Attanasio, Orazio and Levell, Peter and Low, Hamish and S{\'{a}}nchez-Marcos, Virginia},
    month = {7},
    url = {http://www.nber.org/papers/w21315.pdf},
    institution = {National Bureau of Economic Research},
    address = {Cambridge, MA},
    doi = {10.3386/w21315}
}

@article{Jia2017AirChina,
    title = {{Air Pollution , Health Spending and Willingness to Pay for Clean Air in China}},
    year = {2017},
    author = {Jia, Panle and Shanjun, Barwick},
    url = {https://barwick.economics.cornell.edu/HealthPollution_2017.pdf},
    keywords = {air pollution, avoidance behavior, barwick, cornell, cornell university, cornell university and nber, department of economics, dr526, dyson school of applied, economics and management, edu, email, health impact, li, panle, rao, sl2448, willingness to pay, za-}
}

@inproceedings{Michael2016AlphaGoPerspective,
    title = {{AlphaGo and Monte Carlo tree search: the simulation optimization perspective}},
    year = {2016},
    booktitle = {Proceedings of the 2016 Winter Simulation Conference},
    author = {Michael, Fu},
    pages = {659--670},
    publisher = {IEEE Press},
    url = {https://dl.acm.org/citation.cfm?id=3042188},
    isbn = {9781509044849}
}

@article{Eaton2011AnFirms,
    title = {{An Anatomy of International Trade: Evidence From French Firms}},
    year = {2011},
    journal = {Econometrica},
    author = {Eaton, Jonathan and Kortum, Samuel and Kramarz, Francis},
    number = {5},
    month = {9},
    pages = {1453--1498},
    volume = {79},
    publisher = {Wiley/Blackwell (10.1111)},
    url = {http://doi.wiley.com/10.3982/ECTA8318},
    doi = {10.3982/ECTA8318},
    issn = {0012-9682},
    keywords = {Export destinations, efficiency, firms, sales distribution, simulated moments}
}

@article{Athey2018ApproximateDimensions,
    title = {{Approximate residual balancing: debiased inference of average treatment effects in high dimensions}},
    year = {2018},
    journal = {Journal of the Royal Statistical Society: Series B (Statistical Methodology)},
    author = {Athey, Susan and Imbens, Guido W. and Wager, Stefan},
    number = {4},
    month = {9},
    pages = {597--623},
    volume = {80},
    url = {http://doi.wiley.com/10.1111/rssb.12268},
    doi = {10.1111/rssb.12268},
    issn = {13697412},
    keywords = {Causal inference, Potential outcomes, Propensity score, Sparse estimation}
}

@unpublished{Igami2017ArtificialAlphaGo,
    title = {{Artificial Intelligence as Structural Estimation: Economic Interpretations of Deep Blue, Bonanza, and AlphaGo}},
    year = {2017},
    author = {Igami, Mitsuru},
    month = {10},
    url = {http://arxiv.org/abs/1710.10967},
    arxivId = {1710.10967}
}

@article{KocsisBanditPlanning,
    title = {{Bandit based Monte-Carlo Planning}},
    author = {Kocsis, Levente and Szepesv{\'{a}}ri, Csaba},
    url = {http://ggp.stanford.edu/readings/uct.pdf}
}

@article{Kamenica2011BayesianPersuasion,
    title = {{Bayesian persuasion}},
    year = {2011},
    journal = {American Economic Review},
    author = {Kamenica, Emir and Gentzkow, Matthew},
    number = {6},
    pages = {2590--2615},
    volume = {101},
    url = {http://www.aeaweb.org/articles.php?doi=10.1257/aer.101.6.2590},
    isbn = {00028282},
    doi = {10.1257/aer.101.6.2590},
    issn = {00028282},
    pmid = {10525498},
    arxivId = {arXiv:1011.1669v3}
}

@article{Weibull2007BetterUncertainty,
    title = {{Better may be worse: Some monotonicity results and paradoxes in discrete choice under uncertainty}},
    year = {2007},
    journal = {Theory and Decision},
    author = {Weibull, JÃ¶rgen W. and Mattsson, L. G. and Voorneveld, Mark},
    number = {2},
    pages = {121--151},
    volume = {63},
    url = {https://link.springer.com/content/pdf/10.1007%2Fs11238-007-9041-7.pdf},
    isbn = {1123800790},
    doi = {10.1007/s11238-007-9041-7},
    issn = {00405833},
    keywords = {Decision theory, Discrete choice, Monotonicity, Uncertainty}
}

@article{Krasnokutskaya2011BidAuctions,
    title = {{Bid preference programs and participation in highway procurement auctions}},
    year = {2011},
    journal = {American Economic Review},
    author = {Krasnokutskaya, Elena and Seim, Katja},
    number = {6},
    pages = {2653--2686},
    volume = {101}
}

@article{Cavaliere2015BootstrapComponents,
    title = {{Bootstrap Determination of the Co-Integration Rank in VAR Models with Unrestricted Deterministic Components}},
    year = {2015},
    journal = {Journal of Time Series Analysis},
    author = {Cavaliere, Giuseppe and Rahbek, Anders and Robert Taylor, A. M.},
    doi = {10.1111/jtsa.12104},
    issn = {14679892},
    keywords = {Bootstrap, Co-integration, Rank determination, Trace statistic, Unrestricted constant, Unrestricted trend}
}

@article{Grabowski1992BrandAct,
    title = {{Brand Loyalty, Entry, and Price Competition in Pharmaceuticals after the 1984 Drug Act}},
    year = {1992},
    journal = {The Journal of Law and Economics},
    author = {Grabowski, Henry G. and Vernon, John M.},
    number = {2},
    month = {10},
    pages = {331--350},
    volume = {35},
    publisher = { The University of Chicago Press },
    url = {https://www.journals.uchicago.edu/doi/10.1086/467257},
    doi = {10.1086/467257},
    issn = {0022-2186}
}

@article{Bowlus2002BusinessCyclicality,
    title = {{Business Cycle Models, Aggregation, and Real Wage Cyclicality}},
    year = {2002},
    journal = {Journal of Labor Economics},
    author = {Bowlus, Audra and Liu, Haoming and Robinson, Chris},
    number = {2},
    month = {4},
    pages = {308--335},
    volume = {20},
    url = {https://www.journals.uchicago.edu/doi/10.1086/338219 http://www.journals.uchicago.edu/doi/10.1086/338219},
    isbn = {0734306X},
    doi = {10.1086/338219},
    issn = {0734-306X}
}

@article{Roesler2017Buyer-OptimalPricing,
    title = {{Buyer-Optimal Learning and Monopoly Pricing}},
    year = {2017},
    author = {Roesler, Anne-Katrin and Szentes, BalÃ¡zs},
    url = {https://personal.lse.ac.uk/szentes/docs/learn8.pdf}
}

@misc{2008C-184-2008Otros.,
    title = {{C-184-2008 Requerimiento de la FNE en contra de Farmacias Ahumada S.A. y Otros.}},
    year = {2008},
    url = {http://www.tdlc.cl/tdlc/contenciosas-3/}
}

@techreport{Ostrovsky2018Carpooling,
    title = {{Carpooling and the Economics of Self-Driving Cars *}},
    year = {2018},
    author = {Ostrovsky, Michael and Schwarz, Michael and Amin, Saurabh and Bayen, Alexandre and Edelman, Ben and Kamenica, Emir and Varian, Hal},
    url = {https://www.wsj.com/articles/SB118713672357497944}
}

@article{Bagwell2007ChapterAdvertising,
    title = {{Chapter 28 The Economic Analysis of Advertising}},
    year = {2007},
    journal = {Handbook of Industrial Organization},
    author = {Bagwell, Kyle},
    month = {1},
    pages = {1701--1844},
    volume = {3},
    publisher = {Elsevier},
    url = {https://www.sciencedirect.com/science/article/pii/S1573448X06030287},
    isbn = {9780444824356},
    doi = {10.1016/S1573-448X(06)03028-7}
}

@misc{Deaton1986ChapterAnalysis,
    title = {{Chapter 30 Demand analysis}},
    year = {1986},
    booktitle = {Handbook of Econometrics},
    author = {Deaton, Angus},
    pages = {1767--1839},
    volume = {3},
    url = {https://ac.els-cdn.com/S1573441286030106/1-s2.0-S1573441286030106-main.pdf?_tid=59c1e946-071e-11e8-a851-00000aacb360&acdnat=1517468945_33ae9d9cd801b0134c8f9ab2b9fc745d},
    isbn = {9780444861870},
    doi = {10.1016/S1573-4412(86)03010-6},
    issn = {15734412}
}

@misc{Newey1994ChapterTesting,
    title = {{Chapter 36 Large sample estimation and hypothesis testing}},
    year = {1994},
    booktitle = {Handbook of Econometrics},
    author = {Newey, Whitney K. and McFadden, Daniel},
    month = {1},
    pages = {2111--2245},
    volume = {4},
    publisher = {Elsevier},
    url = {https://www.sciencedirect.com/science/article/pii/S1573441205800054},
    isbn = {9780444887665},
    doi = {10.1016/S1573-4412(05)80005-4},
    issn = {15734412}
}

@article{Powell1994ChapterModels,
    title = {{Chapter 41 Estimation of semiparametric models}},
    year = {1994},
    journal = {Handbook of Econometrics},
    author = {Powell, James L.},
    month = {1},
    pages = {2443--2521},
    volume = {4},
    publisher = {Elsevier},
    url = {https://www.sciencedirect.com/science/article/pii/S1573441205800108},
    isbn = {9780444887665},
    doi = {10.1016/S1573-4412(05)80010-8},
    issn = {1573-4412}
}

@article{Jacquemin1989ChapterMerger,
    title = {{Chapter 7 Cartels, collusion, and horizontal merger}},
    year = {1989},
    journal = {Handbook of Industrial Organization},
    author = {Jacquemin, Alexis and Slade, Margaret E.},
    month = {1},
    pages = {415--473},
    volume = {1},
    publisher = {Elsevier},
    url = {https://www.sciencedirect.com/science/article/pii/S1573448X89010101},
    isbn = {9780444704344},
    doi = {10.1016/S1573-448X(89)01010-1}
}

@misc{Chen2007ChapterModels,
    title = {{Chapter 76 Large Sample Sieve Estimation of Semi-Nonparametric Models}},
    year = {2007},
    booktitle = {Handbook of Econometrics},
    author = {Chen, Xiaohong},
    number = {SUPPL. PART B},
    month = {1},
    pages = {5549--5632},
    volume = {6},
    publisher = {Elsevier},
    url = {https://www.sciencedirect.com/science/article/pii/S157344120706076X#!},
    isbn = {9780444532008},
    doi = {10.1016/S1573-4412(07)06076-X},
    issn = {15734412},
    keywords = {endogeneity in semi-nonparametric models, semiparametric two-step estimation, series, sieve extremum estimation, sieve minimum distance}
}

@misc{Carrasco2007ChapterRegularization,
    title = {{Chapter 77 Linear Inverse Problems in Structural Econometrics Estimation Based on Spectral Decomposition and Regularization}},
    year = {2007},
    booktitle = {Handbook of Econometrics},
    author = {Carrasco, Marine and Florens, Jean Pierre and Renault, Eric},
    number = {SUPPL. PART B},
    pages = {5633--5751},
    volume = {6},
    url = {https://ac.els-cdn.com/S1573441207060771/1-s2.0-S1573441207060771-main.pdf?_tid=50c3cb9c-83b3-485b-8266-fea7f299593b&acdnat=1538690039_3f074bcc74c2afea979adf34e5fc16c7},
    isbn = {9780444532008},
    doi = {10.1016/S1573-4412(07)06077-1},
    issn = {15734412},
    keywords = {Tikhonov and Landweber-Fridman regularizations, additive models, generalized method of moments, instrumental variables, integral equation, many regressors, nonparametric estimation}
}

@article{Engle1987Co-IntegrationEstimation,
    title = {{Co-Integration and Error Correction: Representation, Estimation}},
    year = {1987},
    journal = {Econometrica},
    author = {Engle, Robert F and Granger, C W J},
    number = {2},
    pages = {251--276},
    volume = {55}
}

@unpublished{Mark2002CointegrationDemand,
    title = {{Cointegration Vector Estimation by Panel DOLS and Long-Run Money Demand}},
    year = {2002},
    author = {Mark, Nelson C and Sul, Donggyu}
}

@unpublished{Obara2015CollusionFirms,
    title = {{Collusion and Heterogeneity of Firms}},
    year = {2015},
    author = {Obara, Ichiro and Zincenko, Federico},
    url = {http://citeseerx.ist.psu.edu/viewdoc/download?doi=10.1.1.703.8960&rep=rep1&type=pdf}
}

@article{Mouraviev2011CollusionLeadership,
    title = {{Collusion and leadership}},
    year = {2011},
    journal = {International Journal of Industrial Organization},
    author = {Mouraviev, Igor and Rey, Patrick},
    number = {6},
    month = {11},
    pages = {705--717},
    volume = {29},
    publisher = {North-Holland},
    url = {https://www.sciencedirect.com/science/article/pii/S0167718711000300},
    doi = {10.1016/J.IJINDORG.2011.03.005},
    issn = {0167-7187}
}

@article{Rotemberg1990CollusiveLeadership,
    title = {{Collusive Price Leadership}},
    year = {1990},
    journal = {Journal of Industrial Economics},
    author = {Rotemberg, Julio J and Saloner, Garth},
    number = {1},
    pages = {93--111},
    volume = {39},
    publisher = {Wiley Blackwell},
    url = {https://ideas.repec.org/a/bla/jindec/v39y1990i1p93-111.html}
}

@article{Ishibashi2008CollusiveConstraint,
    title = {{Collusive price leadership with capacity constraint}},
    year = {2008},
    journal = {International Journal of Industrial Organization},
    author = {Ishibashi, Ikuo},
    number = {2},
    month = {5},
    pages = {58--64},
    volume = {7},
    publisher = {North-Holland},
    url = {https://www.sciencedirect.com/science/article/pii/S0167718707000707},
    doi = {10.1016/j.ijindorg.2007.01.007},
    issn = {01677187}
}

@article{Iskhakov2016CommentModels,
    title = {{Comment on "Constrained Optimization Approaches to Estimation of Structural Models"}},
    year = {2016},
    journal = {Econometrica},
    author = {Iskhakov, Fedor and Lee, Jinhyuk and Rust, John and Schjerning, Bertel and Seo, Kyoungwon},
    number = {1},
    pages = {365--370},
    volume = {84},
    url = {https://www.econometricsociety.org/doi/10.3982/ECTA12605},
    doi = {10.3982/ECTA12605},
    issn = {0012-9682}
}

@book{Motta2003CompetitionPractice,
    title = {{Competition Policy: Theory and Practice}},
    year = {2003},
    author = {Motta, Massimo},
    edition = {First Edit},
    publisher = {Cambridge University Press},
    url = {https://danielmorochoruiz.files.wordpress.com/2015/09/massimo_motta_competition_policy_theory_and_prabookfi-org.pdf}
}

@unpublished{Pakes2003ComputationallyGames,
    title = {{Computationally simple estimators for entry games}},
    year = {2003},
    author = {Pakes, A and Ostrovsky, M and Berry, S},
    url = {https://scholar.google.ca/scholar?hl=en&as_sdt=0%2C5&q=Computationally+simple+estimators+for+entry+games&btnG=}
}

@article{Lubin2015ComputingJulia,
    title = {{Computing in operations research using Julia}},
    year = {2015},
    journal = {INFORMS Journal on Computing},
    author = {Lubin, Miles and Dunning, Iain},
    number = {2},
    month = {4},
    pages = {238--248},
    volume = {27},
    url = {http://pubsonline.informs.org/doi/10.1287/ijoc.2014.0623},
    isbn = {1091-9856},
    doi = {10.1287/ijoc.2014.0623},
    issn = {15265528},
    arxivId = {1312.1431},
    keywords = {Algebraic modeling, Metaprogramming, Programming languages, Scientific computing}
}

@article{Kiefer2010ConsistencyPublished,
    title = {{Consistency of the Maximum Likelihood Estimator in the Presence of Infinitely Many Incidental Parameters Author ( s ): J . Kiefer and J . Wolfowitz Source : The Annals of Mathematical Statistics , Vol . 27 , No . 4 ( Dec ., 1956 ), pp . 887-906 Published}},
    year = {2010},
    journal = {Statistics},
    author = {Kiefer, J. and Wolfowitz, J.},
    number = {4},
    pages = {887--906},
    volume = {27}
}

@unpublished{Bonatti2018ConsumerDiscrimination,
    title = {{Consumer Scores and Price Discrimination}},
    year = {2018},
    author = {Bonatti, Alessandro and Cisternas, Gonzalo},
    url = {https://support.google.com/adxbuyer/answer/6077702.}
}

@article{Ellison2010CountervailingPharmaceuticals,
    title = {{Countervailing power in wholesale pharmaceuticals}},
    year = {2010},
    journal = {The Journal of Industrial Economics},
    author = {Ellison, Sara F. and Snyder, Christopher M.},
    number = {1},
    month = {3},
    pages = {32--53},
    volume = {58},
    publisher = {Wiley/Blackwell (10.1111)},
    url = {http://doi.wiley.com/10.1111/j.1467-6451.2010.00408.x},
    doi = {10.1111/j.1467-6451.2010.00408.x}
}

@book{Goodfellow2016DeepLearning,
    title = {{Deep Learning}},
    year = {2016},
    author = {Goodfellow, Ian and Bengio, Yoshua and Courville, Aaron},
    publisher = {MIT Press},
    url = {http://www.deeplearningbook.org/}
}

@article{Schmidhuber2015DeepOverview,
    title = {{Deep learning in neural networks: An overview}},
    year = {2015},
    journal = {Neural Networks},
    author = {Schmidhuber, JÃ¼rgen},
    pages = {85--117},
    volume = {61},
    url = {www.elsevier.com/locate/neunet},
    doi = {10.1016/j.neunet.2014.09.003},
    keywords = {Deep learning, Evolutionary computation, Reinforcement learning, Supervised learning, Unsupervised learning}
}

@article{Paper2018DensityUber,
    title = {{Density of Demand and the Benefit of Uber}},
    year = {2018},
    author = {Paper, Job Market and Shapiro, Matthew H}
}

@article{Bruegge2018DistortionaryDesign,
    title = {{Distortionary Fundraising for Energy Efficiency Subsidies: Implications for Efficient and Equitable Program Design}},
    year = {2018},
    author = {Bruegge, Chris and Anderson, Soren and Boomhower, Judd and Borenstein, Severin and Bresnahan, Tim and Davis, Lucas and Deryugina, Tatyana and Einav, Liran and Fowlie, Meredith and Ito, Koichiro and Leslie, Gordon and Murciano-Goroff, Raviv and Myers, Erica},
    url = {http://stanford.edu/}
}

@unpublished{ChernozhukovDouble/DebiasedParameters,
    title = {{Double/Debiased Machine Learning for Treatment and Structural Parameters}},
    author = {Chernozhukov, Victor and Chetverikov, Denis and Demirer, Mert and Duflo, Esther and Hansen, Christian and Newey, Whitney and Robins, James},
    url = {https://github.com/VC2015/DMLonGitHub/}
}

@article{Chernozhukov2018Double/debiasedParameters,
    title = {{Double/debiased machine learning for treatment and structural parameters}},
    year = {2018},
    journal = {Econometrics Journal},
    author = {Chernozhukov, Victor and Chetverikov, Denis and Demirer, Mert and Duflo, Esther and Hansen, Christian and Newey, Whitney and Robins, James},
    number = {1},
    pages = {C1-C68},
    volume = {21},
    doi = {10.1111/ectj.12097},
    issn = {1368423X},
    arxivId = {1608.00060}
}

@article{Nocke2010DynamicReview,
    title = {{Dynamic Merger Review}},
    year = {2010},
    journal = {Journal of Political Economy},
    author = {Nocke, Volker and Whinston, Michael D.},
    number = {6},
    pages = {1200--1251},
    volume = {118},
    url = {http://www.journals.uchicago.edu/doi/10.1086/658161},
    isbn = {301877352},
    doi = {10.1086/658161},
    issn = {0022-3808}
}

@techreport{Schrimpf2013DynamicOligopoly,
    title = {{Dynamic Oligopoly Paul Schrimpf Introduction Model Identification Estimation Examples Generalizations and extensions References Dynamic Oligopoly}},
    year = {2013},
    author = {Schrimpf, Paul},
    url = {http://faculty.arts.ubc.ca/pschrimpf/565/06-dynamicOligopoly.pdf}
}

@techreport{SchrimpfDynamicIssues,
    title = {{Dynamic Oligopoly: Additional Issues}},
    author = {Schrimpf, Paul},
    url = {http://faculty.arts.ubc.ca/pschrimpf/565/06-dynamicOligopoly2.pdf}
}

@article{Arellano2017EarningsFramework,
    title = {{Earnings and Consumption Dynamics: A Nonlinear Panel Data Framework}},
    year = {2017},
    journal = {Econometrica},
    author = {Arellano, Manuel and Blundell, Richard and Bonhomme, StÃ©phane},
    number = {3},
    pages = {693--734},
    volume = {85},
    url = {https://www.econometricsociety.org/doi/10.3982/ECTA13795},
    doi = {10.3982/ECTA13795},
    issn = {0012-9682},
    keywords = {earnings dynamics, consumption, panel data, quanti}
}

@incollection{Aguirregabiria2015EmpiricalIndustries,
    title = {{Empirical Games of Market Entry and Spatial Competition in Retail Industries}},
    year = {2015},
    booktitle = {Handbook on the economics of retailing and distribution},
    author = {Aguirregabiria, Victor and Suzuki, Junichi},
    url = {http://aguirregabiria.net/wpapers/handbook_retail_entry_spatial_competition.pdf}
}

@article{Aguirregabiria2017EmpiricalIndustries,
    title = {{Empirical models of firms and industries}},
    year = {2017},
    journal = {Canadian Journal of Economics},
    author = {Aguirregabiria, Victor and Slade, Margaret},
    number = {5},
    pages = {1445--1488},
    volume = {50},
    url = {http://aguirregabiria.net/wpapers/CJEEmpIO.pdf},
    doi = {10.1111/caje.12304},
    issn = {15405982},
    keywords = {Empirical IO, L10, L20, L30, L40, L50, collusion, demand for diÂ¤erentiated products, dynamic structural models, empirical auction models JEL codes: C57, inter{\ldots}rm contracts, production functions}
}

@article{Morton1997Entry1879-1929,
    title = {{Entry and predation: British shipping cartels 1879-1929}},
    year = {1997},
    journal = {Journal of Economics and Management Strategy},
    author = {Morton, Fiona Scott},
    number = {4},
    pages = {679--724},
    volume = {6},
    doi = {10.1162/105864097567237},
    issn = {10586407}
}

@article{Johansen1991EstimationModels,
    title = {{Estimation and Hypothesis Testing of Cointegration Vectors in Gaussian Vector Autoregressive Models}},
    year = {1991},
    journal = {Econometrica},
    author = {Johansen, Soren},
    number = {6},
    pages = {1551--1580},
    volume = {59},
    isbn = {00129682},
    doi = {10.2307/2938278},
    pmid = {25246403},
    arxivId = {arXiv:1011.1669v3}
}

@article{KasaharaEstimationModels,
    title = {{Estimation of Discrete Choice Dynamic Programming Models}},
    author = {Kasahara, Hiroyuki and Shimotsu, Katsumi},
    url = {http://faculty.arts.ubc.ca/hkasahara/workingpapers/nakahara_final.pdf},
    keywords = {conditional choice probabilities, discrete choice dynamic, nested pseudo likelihood, policy iteration mapping, value iteration mapping}
}

@article{Ridder2015EstimationGames,
    title = {{Estimation of Large Network Formation Games}},
    year = {2015},
    journal = {World Congress},
    author = {Ridder, Geert and Sheng, Shuyang and Chetverikov, Denis and De Paula, Aureo and Graham, Bryan and Hahn, Jinyong and Honore, Bo and Santos, Andres and Song, Kevin and Tao, Terrence},
    url = {https://economics.smu.edu.sg/sites/economics.smu.edu.sg/files/economics/pdf/Seminar/2017/20171211.pdf}
}

@article{Fang2018EvaluatingWelfare,
    title = {{Evaluating the Effects of Online Review Platforms on Restaurant Revenues , Consumer Learning and Welfare}},
    year = {2018},
    author = {Fang, Limin},
    pages = {1--80},
    keywords = {andrew ching, borkovsky for great advice, ca, consumer learning, demand of differentiated products, dynamic structural mod-, els, email, fang, i would like to, limin, mail, matthew osborne, nathan yang and ron, online platforms, restaurant quality, thank my advisors, university of toronto, utoronto, victor aguirregabira}
}

@article{Morales2015ExtendedGravity,
    title = {{Extended Gravity}},
    year = {2015},
    journal = {Review of Economic Studies},
    author = {Morales, Eduardo and Sheu, Gloria and Zahler, AndrÃ©s},
    doi = {10.1142/S0219887814600184},
    issn = {0219-8878},
    arxivId = {1403.7036},
    keywords = {F10, JEL Classifications, L65 Keywords, export dynamics, extended gravity, gravity, moment inequalities}
}

@unpublished{Morales2018ExtendedGravity,
    title = {{Extended Gravity}},
    year = {2018},
    author = {Morales, Eduardo and Sheu, Gloria and Zahler, AndrÃ©s},
    url = {https://238d1682-a-62cb3a1a-s-sites.googlegroups.com/site/edumoralescasado/files/ExtendedGravity.pdf?attachauth=ANoY7coWVlmR5n7U8HGm_26RwezWH6VYlxcdKSETHav-eWLV8AG6ypRYf-rZ01vYmL1Y181ahFUAx3Zns6nWN8uWENyIgkPfrH4IBmrwz3UTeeo9dbwE_f8aOxxcQnuwA9Xx5UNEBHH5hM_}
}

@article{Cooper2003FinancialQ,
    title = {{Financial frictions and investment: Requiem in Q}},
    year = {2003},
    journal = {Review of Economic Dynamics},
    author = {Cooper, Russell and Ejarque, JoÃ£o},
    number = {4},
    month = {10},
    pages = {710--728},
    volume = {6},
    publisher = {Academic Press},
    url = {https://www.sciencedirect.com/science/article/pii/S1094202503000644},
    doi = {10.1016/j.red.2003.08.001},
    issn = {10942025}
}

@unpublished{Brandt2009Firm-levelGrowth,
    title = {{Firm-level Productivity in the Chinese Manufacturing Sector: Creation, Destruction, and a Lot of Growth}},
    year = {2009},
    booktitle = {Elsevier},
    author = {Brandt, Loren and Van Biesebroeck, Johannes and Zhang, Yifan},
    number = {July},
    url = {https://www.sciencedirect.com/science/article/pii/S0304387811000216 http://www.nber.org/papers/w15152}
}

@article{Munos2013FromPlanning,
    title = {{From Bandits to Monte-Carlo Tree Search: The Optimistic Principle Applied to Optimization and Planning}},
    year = {2013},
    journal = {Foundations and Trends R â in Machine Learning},
    author = {Munos, RÃ©mi and Lille, Inria and Europe, Nord},
    number = {XX},
    pages = {1--130},
    volume = {XX},
    url = {https://hal.inria.fr/hal-00747575v4/document},
    doi = {10.1561/XXXXXXXXXX}
}

@article{Rasmussen2006GaussianLearning,
    title = {{Gaussian Processes for Machine Learning}},
    year = {2006},
    author = {Rasmussen, C E and Williams, C K I and Sutton, Richard S and Barto, Andrew G and Spirtes, Peter and Glymour, Clark and Scheines, Richard and Sch{\"{o}}lkopf, Bernhard and Smola, Alexander J},
    publisher = {MIT Press MIT Press},
    url = {http://www.gaussianprocess.org/gpml/chapters/RW.pdf}
}

@article{WilliamsGaussianRegression,
    title = {{Gaussian Processes for Regression}},
    author = {Williams, Christopher K I and Rasmussen, Carl Edward},
    url = {http://papers.nips.cc/paper/1048-gaussian-processes-for-regression.pdf}
}

@misc{GoogleINFORMS,
    title = {{Google DeepMindâs AlphaGo - INFORMS}},
    url = {https://www.informs.org/ORMS-Today/Public-Articles/October-Volume-43-Number-5/Google-DeepMind-s-AlphaGo}
}

@article{Feng2017History-DependentDynamics,
    title = {{History-Dependent Demand and Intermediaries : Explaining Prescription Drug Pricing Dynamics}},
    year = {2017},
    author = {Feng, Josh},
    pages = {1--92}
}

@techreport{Aguirregabiria2018IdenticationHeterogeneity,
    title = {{Identi{\ldots}cation of Games of Incomplete Information with Multiple Equilibria and Unobserved Heterogeneity}},
    year = {2018},
    author = {Aguirregabiria, Victor and Mira, Pedro},
    url = {http://aguirregabiria.net/wpapers/mequidata.pdf}
}

@unpublished{Aguirregabiria2018IdenticationHeterogeneityb,
    title = {{Identi{\ldots}cation of Games of Incomplete Information with Multiple Equilibria and Unobserved Heterogeneity}},
    year = {2018},
    author = {Aguirregabiria, Victor and Mira, Pedro},
    url = {http://aguirregabiria.net/wpapers/mequidata.pdf}
}

@article{Dube2009ImprovingEstimation,
    title = {{Improving the Numerical Performance of BLP Static and Dynamic Discrete Choice Random Coefficients Demand Estimation}},
    year = {2009},
    author = {Dub{\'{e}}, Jean-Pierre and Fox, Jeremy and Su, Che-Lin},
    url = {http://www.nber.org/papers/w14991}
}

@article{Belloni2016InferenceControl,
    title = {{Inference in High-Dimensional Panel Models With an Application to Gun Control}},
    year = {2016},
    journal = {Journal of Business and Economic Statistics},
    author = {Belloni, Alexandre and Chernozhukov, Victor and Hansen, Christian and Kozbur, Damian},
    number = {4},
    month = {10},
    pages = {590--605},
    volume = {34},
    publisher = {Taylor {\&} Francis},
    url = {https://www.tandfonline.com/doi/full/10.1080/07350015.2015.1102733},
    doi = {10.1080/07350015.2015.1102733},
    issn = {15372707},
    arxivId = {arXiv:1411.6507v1},
    keywords = {Clustered standard errors, Fixed effects, High-dimensional-sparse regression, Inference under imperfect model selection, Instrumental variables, Panel data, Partially linear model, Uniformly valid inference after model selection}
}

@article{Paula2012InferenceInformation,
    title = {{Inference of Signs of Interaction Effects in Simultaneous Games With Incomplete Information}},
    year = {2012},
    journal = {Econometrica},
    author = {Paula, Ãureo de and Tang, Xun},
    number = {1},
    month = {1},
    pages = {143--172},
    volume = {80},
    publisher = {Wiley/Blackwell (10.1111)},
    url = {http://doi.wiley.com/10.3982/ECTA9216},
    doi = {10.3982/ECTA9216},
    issn = {0012-9682},
    keywords = {Bayesian games, Multiple equilibria, identification, multiple testing}
}

@article{Peters2017IntangibleRelation,
    title = {{Intangible capital and the investment-q relation}},
    year = {2017},
    journal = {Journal of Financial Economics},
    author = {Peters, Ryan H. and Taylor, Lucian A.},
    number = {2},
    month = {2},
    pages = {251--272},
    volume = {123},
    publisher = {North-Holland},
    url = {https://www.sciencedirect.com/science/article/pii/S0304405X16301969},
    doi = {10.1016/J.JFINECO.2016.03.011},
    issn = {0304-405X}
}

@article{Gilchrist1998Investment:Finance,
    title = {{Investment: Fundamentals and Finance}},
    year = {1998},
    author = {Gilchrist, Simon and Himmelberg, Charles},
    pages = {0--262},
    volume = {13},
    publisher = {MIT Press},
    url = {http://www.nber.org/books/bern99-1 http://www.nber.org/chapters/c11248}
}

@article{Roesler2015Is,
    title = {{Is Ignorance Bliss? Rational Inattention and Optimal Pricing *}},
    year = {2015},
    author = {Roesler, Anne-Katrin and Brooks, Ben and Conze, Max and Erlanson, Albin and G{\"{a}}rtner, Dennis and Kovac, Eugen and Lauermann, Stephan and Loertscher, Simon and Mandler, Michael and Matejka, Filip and Morris, Stephen and Oery, Aniko and Samuelson, Larry and Strack, Philipp and Woodford, Michael},
    url = {https://cepr.org/sites/default/files/events/6711_ROESLER - Is Ignorance Bliss.pdf},
    keywords = {Information constraints, Information design, Monopoly pricing, Rational inattention}
}

@article{Dunning2017JuMP:Optimization,
    title = {{JuMP: A Modeling Language for Mathematical Optimization}},
    year = {2017},
    journal = {SIAM Review},
    author = {Dunning, Iain and Huchette, Joey and Lubin, Miles},
    number = {2},
    month = {1},
    pages = {295--320},
    volume = {59},
    url = {http://epubs.siam.org/doi/10.1137/15M1020575},
    doi = {10.1137/15M1020575},
    issn = {0036-1445}
}

@techreport{Dongarra2007LAPACK1,
    title = {{LAPACK Working Note 81 Quick Installation Guide for LAPACK on Unix Systems 1}},
    year = {2007},
    author = {Dongarra, Jack},
    url = {http://www.netlib.org/lapack/lawnspdf/lawn81.pdf}
}

@article{Gayle2003Life-Cycle,
    title = {{Life-Cycle Fertility and Human Capital Accumulation â}},
    year = {2003},
    journal = {Citeseer},
    author = {Gayle, George-levi and Miller, Robert A},
    url = {http://citeseerx.ist.psu.edu/viewdoc/download?doi=10.1.1.202.7101&rep=rep1&type=pdf}
}

@article{FlorensLinearRegularization,
    title = {{Linear Inverse Problems in Structural Econometrics Estimation Based on Spectral Decomposition and Regularization}},
    author = {Florens, Jean-Pierre and Renault, Eric},
    url = {https://ac.els-cdn.com/S1573441207060771/1-s2.0-S1573441207060771-main.pdf?_tid=2af4ce10-053b-11e8-ad48-00000aab0f02&acdnat=1517261411_57ea4896a0482248f72355e05ec06ff8},
    doi = {10.1016/S1573-4412(07)06077-1}
}

@article{Phillips1999LinearData,
    title = {{Linear Regression Limit Theory for Nonstationary Panel Data}},
    year = {1999},
    journal = {Econometrica},
    author = {Phillips, Peter C B and Moon, Hyungsik R},
    number = {5},
    pages = {1057--1111},
    volume = {67},
    keywords = {Nonstationary panel data, long-run average relations, multidimensional limits, panel cointegration regression, panel spurious regression}
}

@article{Friedberg2018LocalForests,
    title = {{Local Linear Forests}},
    year = {2018},
    author = {Friedberg, Rina and Tibshirani, Julie and Athey, Susan and Wager, Stefan},
    month = {7},
    url = {http://arxiv.org/abs/1807.11408},
    arxivId = {1807.11408}
}

@article{Chernozhukov2016LocallyEstimation,
    title = {{Locally Robust Semiparametric Estimation}},
    year = {2016},
    author = {Chernozhukov, Victor and Escanciano, Juan Carlos and Ichimura, Hidehiko and Newey, Whitney K. and Robins, James M.},
    month = {7},
    url = {http://arxiv.org/abs/1608.00033},
    arxivId = {1608.00033}
}

@article{Das2007MarketDynamics,
    title = {{Market entry costs, producer heterogeneity, and export dynamics}},
    year = {2007},
    journal = {Econometrica},
    author = {Das, Sanghamitra and Roberts, Mark J. and Tybout, James R.},
    number = {3},
    month = {5},
    pages = {837--873},
    volume = {75},
    url = {http://doi.wiley.com/10.1111/j.1468-0262.2007.00769.x},
    isbn = {1468-0262},
    doi = {10.1111/j.1468-0262.2007.00769.x},
    issn = {00129682},
    keywords = {Dynamic export supply, Plant heterogeneity, Sunk costs, Uncertainty}
}

@article{Actions2001MarkovEquilibrium,
    title = {{Markov Perfect Equilibrium}},
    year = {2001},
    journal = {Journal of Economic Theory},
    author = {Actions, I Observable and Maskin, Eric and Tirole, Jean},
    pages = {1911219},
    volume = {100},
    url = {www.idealibrary.com}
}

@unpublished{Miyauchi2017Matching,
    title = {{Matching and Agglomeration : Theory and Evidence from Japanese Firm-to-Firm Trade â}},
    year = {2017},
    author = {Miyauchi, Yuhei}
}

@unpublished{Igami2016Measuring1990-1999,
    title = {{Measuring the Incentive to Collude: The Vitamin Cartels, 1990-1999}},
    year = {2016},
    booktitle = {SSRN},
    author = {Igami, Mitsuru and Sugaya, Takuo},
    month = {5},
    url = {http://www.ssrn.com/abstract=2889837},
    doi = {10.2139/ssrn.2889837},
    issn = {1556-5068},
    keywords = {Antitrust, Cartel, Collusion, Coordinated effect, D43, L13, L41, Merger, Repeated game}
}

@article{Huynh2017MixedSurvival,
    title = {{Mixed proportional hazard models with continuous finite mixture unobserved heterogeneity: an application to Canadian firm survival}},
    year = {2017},
    journal = {Applied Stochastic Models in Business and Industry},
    author = {Huynh, Kim and Voia, Marcel},
    number = {1},
    month = {1},
    pages = {81--94},
    volume = {33},
    publisher = {Wiley-Blackwell},
    url = {http://doi.wiley.com/10.1002/asmb.2225},
    doi = {10.1002/asmb.2225},
    issn = {15241904},
    keywords = {EM algorithm, duration models, finite mixtures, firm exit, selection}
}

@article{Keane1997ModelingBehavior,
    title = {{Modeling Heterogeneity and State Dependence in Consumer Choice Behavior}},
    year = {1997},
    journal = {ournal of Business {\&} Economic Statistics},
    author = {Keane, Michael P},
    number = {3},
    pages = {310--327},
    volume = {15},
    url = {http://www.tandfonline.com/action/journalInformation?journalCode=ubes20},
    doi = {10.1080/07350015.1997.10524709}
}

@article{Salop1979MonopolisticGoods,
    title = {{Monopolistic Competition with Outside Goods}},
    year = {1979},
    journal = {The Bell Journal of Economics},
    author = {Salop, Steven C.},
    number = {1},
    pages = {141--156},
    volume = {10},
    isbn = {0361915X},
    doi = {10.2307/3003323}
}

@article{BouzyMonte-CarloExperiments,
    title = {{Monte-Carlo Go Reinforcement Learning Experiments}},
    author = {Bouzy, Bruno and Chaslot, Guillaume},
    url = {http://www.mi.parisdescartes.fr/~bouzy/publications/bouzy-chaslot-cig06.pdf},
    keywords = {Computer Go, Monte - Carlo, Reinforcement Learning}
}

@article{HalbertwhiteMultilayerApproximators,
    title = {{Multilayer Feedforward Networks are Universal Approximators}},
    journal = {Neural Networks},
    author = {Halbertwhite, Maxwell~tinchcombe And},
    pages = {35--366},
    volume = {2},
    url = {https://ac.els-cdn.com/0893608089900208/1-s2.0-0893608089900208-main.pdf?_tid=88769e5a-df7b-11e7-be8e-00000aacb35f&acdnat=1513110912_f11136cb140377bb7741114d33ecccbc},
    keywords = {-Feedforward networks, Back-propagation networks, Mapping networks, Network representation capability, Sigma-Pi networks, Stone-Weierstrass Theorem Squashing functions, Universal approximation}
}

@article{Ostrovsky2018NBERCARS,
    title = {{NBER WORKING PAPER SERIES CARPOOLING AND THE ECONOMICS OF SELF-DRIVING CARS}},
    year = {2018},
    author = {Ostrovsky, Michael and Schwarz, Michael and Amin, Saurabh and Bayen, Alexandre and Edelman, Ben and Kamenica, Emir and Varian, Hal},
    url = {http://www.nber.org/papers/w24349}
}

@article{HsiehZhengSong2015NBERCHINA,
    title = {{NBER WORKING PAPER SERIES GRASP THE LARGE, LET GO OF THE SMALL: THE TRANSFORMATION OF THE STATE SECTOR IN CHINA}},
    year = {2015},
    author = {Hsieh Zheng Song, Chang-Tai and Hsieh, Chang-Tai and Song, Zheng},
    number = {N15},
    url = {http://www.nber.org/papers/w21006}
}

@article{Chappell2018NBERPERFORMANCE,
    title = {{NBER WORKING PAPER SERIES INTANGIBLE INVESTMENT AND FIRM PERFORMANCE}},
    year = {2018},
    author = {Chappell, Nathan and Jaffe, Adam B},
    url = {http://www.nber.org/papers/w24363},
    keywords = {Industrial policy, Intangible investment, Keywords: Firm performance, Productivity}
}

@article{Chappell2018NBERPERFORMANCEb,
    title = {{NBER WORKING PAPER SERIES INTANGIBLE INVESTMENT AND FIRM PERFORMANCE}},
    year = {2018},
    author = {Chappell, Nathan and Jaffe, Adam B},
    url = {http://www.nber.org/papers/w24363},
    keywords = {Industrial policy, Intangible investment, Keywords: Firm performance, Productivity}
}

@article{Ma2018NBERMining,
    title = {{NBER WORKING PAPER SERIES MARKET STRUCTURE IN BITCOIN MINING Market Structure in Bitcoin Mining}},
    year = {2018},
    author = {Ma, June and Gans, Joshua S and Tourky, Rabee},
    url = {http://www.nber.org/papers/w24242}
}

@article{Bajari2008NonparametricModel,
    title = {{Nonparametric and Semiparametric Analysis of a Dynamic Game Model}},
    year = {2008},
    author = {Bajari, Patrick and Chernozhukov, Victor and Hong, Han and Nekipelov, Denis},
    number = {December}
}

@article{Wolf2008NonparametricPractice,
    title = {{Nonparametric Econometrics: Theory and Practice}},
    year = {2008},
    journal = {Journal of the American Statistical Association},
    author = {Wolf, Michael},
    number = {482},
    month = {6},
    pages = {885--886},
    volume = {103},
    url = {http://www.tandfonline.com/doi/abs/10.1198/jasa.2008.s235},
    doi = {10.1198/jasa.2008.s235},
    issn = {0162-1459}
}

@book{Li2007NonparametricPractice,
    title = {{Nonparametric econometrics: theory and practice}},
    year = {2007},
    author = {Li, Q and Racine, JS},
    url = {https://books.google.ca/books?hl=en&lr=&id=BI_PiWazY0YC&oi=fnd&pg=PP2&dq=Nonparametric+Econometrics:+Theory+and+Practice&ots=eZ-ceapk4v&sig=ggm9SJffkTfpu7khr23fOqkq2Fc}
}

@article{Guerre2009NonparametricRestrictions,
    title = {{Nonparametric Identification of Risk Aversion in First-Price Auctions Under Exclusion Restrictions}},
    year = {2009},
    journal = {Econometrica},
    author = {Guerre, Emmanuel and Perrigne, Isabelle and Vuong, Quang},
    number = {4},
    month = {7},
    pages = {1193--1227},
    volume = {77},
    publisher = {Wiley/Blackwell (10.1111)},
    url = {http://doi.wiley.com/10.3982/ECTA7028},
    doi = {10.3982/ECTA7028},
    issn = {0012-9682},
    keywords = {Risk aversion, exclusion restrictions, nonparametric identification, private value}
}

@article{Arcidiacono2016Nonstationary,
    title = {{Nonstationary Dynamic Models with Finite Dependence *}},
    year = {2016},
    author = {Arcidiacono, Peter and Miller, Robert A},
    url = {http://public.econ.duke.edu/~psarcidi/finitedependence.pdf}
}

@article{Weintraub2008NonstationaryEquilibrium,
    title = {{Nonstationary Oblivious Equilibrium}},
    year = {2008},
    journal = {Manuscript, Columbia},
    author = {Weintraub, Gabriel and Benkard, Lanier and Jeziorski, Przemyslaw},
    url = {http://econ.jhu.edu/wp-content/uploads/pdf/papers/wp568.pdf},
    keywords = {gabriel y, stationary oblivious equilibrium, weintraub}
}

@article{Chetverikov2016OnLasso,
    title = {{On cross-validated Lasso}},
    year = {2016},
    author = {Chetverikov, Denis and Liao, Zhipeng and Chernozhukov, Victor},
    url = {https://arxiv.org/pdf/1605.02214.pdf http://arxiv.org/abs/1605.02214},
    doi = {10.1920/wp.cem.2016.4716},
    arxivId = {1605.02214}
}

@article{Chen1997OnDistributions,
    title = {{On testing the number of components in finite mixture models with known relevant component distributions*}},
    year = {1997},
    journal = {The Canadian Journal of Statistics W La Revue Canadienne de Slalislque CHEN AND CHENG},
    author = {Chen, Jiahua and Cheng, Ping},
    number = {3},
    volume = {25},
    keywords = {Bootstrap, Primary 62F03, and phrases, likelihood ratio, mixture model, number of compo-AMS 1991 subject classifications, secondary 62F05 nents}
}

@article{Norets2013OnProbabilities,
    title = {{On the surjectivity of the mapping between utilities and choice probabilities}},
    year = {2013},
    journal = {Quantitative Economics},
    author = {Norets, Andriy and Takahashi, Satoru},
    number = {1},
    pages = {149--155},
    volume = {4},
    url = {http://doi.wiley.com/10.3982/QE252},
    isbn = {17597323},
    doi = {10.3982/QE252},
    issn = {17597323}
}

@article{Roller2006OnIndustry,
    title = {{On the Workings of a Cartel : Evidence from the Norwegian Cement Industry}},
    year = {2006},
    journal = {The American Economic Review},
    author = {R{\"{o}}ller, Lars-Hendrik and Steen, Frode},
    number = {1},
    pages = {321--338},
    volume = {96}
}

@phdthesis{Ichihashi2018OnlineConsumers,
    title = {{Online Privacy and Information Disclosure by Consumers}},
    year = {2018},
    author = {Ichihashi, Shota}
}

@article{Miklos-Thal2011OptimalAsymmetry,
    title = {{Optimal collusion under cost asymmetry}},
    year = {2011},
    journal = {Economic Theory},
    author = {Mikl{\'{o}}s-Thal, Jeanine},
    number = {1},
    pages = {99--125},
    volume = {46},
    url = {https://www.jstor.org/stable/pdf/41485808.pdf?casa_token=B0kzzBLeLuAAAAAA:gFnOTG-wt1KjIhw1s3Ig5ESXA-MroMoAnAmamYpCp-tKpPtG29OU67eJ8jOuMGrZ-5sGn7sovyZdZYyFCwcl2qGqc86P59MxEDFw9yWWvVle4NO6qMpnGw},
    isbn = {0938-2259},
    doi = {10.1007/s00199-009-0502-9},
    issn = {09382259},
    keywords = {Cost asymmetry, Horizontal collusion, Optimal punishments, Side payments}
}

@article{Guerre2000OptimalAuctions,
    title = {{Optimal Nonparametric Estimation of First-price Auctions}},
    year = {2000},
    journal = {Econometrica},
    author = {Guerre, Emmanuel and Perrigne, Isabelle and Vuong, Quang},
    number = {3},
    month = {5},
    pages = {525--574},
    volume = {68},
    publisher = {Wiley/Blackwell (10.1111)},
    url = {http://doi.wiley.com/10.1111/1468-0262.00123},
    doi = {10.1111/1468-0262.00123},
    issn = {0012-9682},
    keywords = {Firstâprice auctions, independent private value, kernel estimation, minimax theory., nonparametric identification, twoâstage nonparametric estimation}
}

@article{Gao2018PlatformMarkets,
    title = {{Platform pricing in mixed two-sided markets}},
    year = {2018},
    journal = {International Economic Review},
    author = {Gao, Ming},
    doi = {10.1111/iere.12298}
}

@article{HashemPesaran1999PooledPanels,
    title = {{Pooled Mean Group Estimation of Dynamic Heterogeneous Panels}},
    year = {1999},
    journal = {Journal of the American Statistical Association},
    author = {Hashem Pesaran, M and Shin, Yongcheol and Smith, Ron P},
    number = {446},
    pages = {621--634},
    volume = {94},
    keywords = {Consumption functions, Energy demand, Heterogeneous dynamic panels, I(0) and I(1) regressors, Pooled mean group estimator}
}

@unpublished{NatenzonPreferenceAll,
    title = {{Preference reversal or limited sampling? Maybe tungara frogs are rational after all}},
    author = {Natenzon, Paulo}
}

@article{Levenstein1997PriceIndustry,
    title = {{Price Wars and the Stability of Collusion: a Study of the Pre-World War I Bromine Industry}},
    year = {1997},
    journal = {Journal of Industrial Economics},
    author = {Levenstein, Margaret C},
    number = {2},
    pages = {117},
    volume = {45},
    isbn = {1467-6451},
    doi = {10.1111/1467-6451.00039},
    keywords = {BROMINE industry, COMPETITION, PREDATORY pricing, PRICE regulation, PRICE wars, UNITED States}
}

@unpublished{Bruneau2014Probabilities,
    title = {{Probabilities of default for the corporate sectors in Canada: A panel error correction model approach *}},
    year = {2014},
    author = {Bruneau, Gabriel and Djoudad, Ramdane},
    keywords = {Econometrics and Statistical Methods for Panel Data, Financial Institutions, Financial Stabil-ity, Non-Performing Loans, Probability of Default of Corporate Sector}
}

@article{Matejka2015RationalModel,
    title = {{Rational Inattention to Discrete Choices: A New Foundation for the Multinomial Logit Model}},
    year = {2015},
    journal = {American Economic Review},
    author = {Mat{\v{e}}jka, Filip and Mckay, Alisdair and Bauer, Michal and Celik, Levent and Chatterjee, Satyajit and Gul, Faruk and Hellwig, Christian and Jurajda, Stepan and Lipman, Bart and Marley, Tony and Ortmann, Andreas and Ortner, Juan and Sims, Christopher and Spiliopoulos, Leonidas and Steiner, Jakub and Weibull, Jorgen and Woodford, Michael},
    number = {1},
    pages = {272--298},
    volume = {105},
    url = {http://dx.doi.org/10.1257/aer.20130047},
    doi = {10.1257/aer.20130047}
}

@article{Matejka2015RationalModelb,
    title = {{Rational inattention to discrete choices: A new foundation for the multinomial logit model}},
    year = {2015},
    journal = {American Economic Review},
    author = {Mat{\^{e}}jka, Filip and McKay, Alisdair},
    number = {1},
    month = {1},
    pages = {272--298},
    volume = {105},
    url = {http://pubs.aeaweb.org/doi/10.1257/aer.20130047},
    isbn = {0002-8282},
    doi = {10.1257/aer.20130047},
    issn = {00028282}
}

@article{Kaelbling1996ReinforcementSurvey,
    title = {{Reinforcement Learning: A Survey}},
    year = {1996},
    journal = {Journal of Artiicial Intelligence Research Submitted},
    author = {Kaelbling, Leslie Pack and Littman, Michael L and Moore, Andrew W and Hall, Smith},
    number = {9995},
    pages = {237--285},
    volume = {4},
    url = {https://www.jair.org/media/301/live-301-1562-jair.pdf}
}

@article{Levin2003RelationalContracts,
    title = {{Relational Incentive Contracts}},
    year = {2003},
    journal = {American Economic Review},
    author = {Levin, Jonathan},
    number = {3},
    pages = {835--857},
    volume = {93},
    url = {https://pubs.aeaweb.org/doi/pdfplus/10.1257/000282803322157115}
}

@article{Genesove2001RulesCase,
    title = {{Rules, communication, and collusion: Narrative evidence from the sugar institute case}},
    year = {2001},
    journal = {American Economic Review},
    author = {Genesove, David and Mullin, Wallace P.},
    number = {3},
    pages = {379--398},
    volume = {91},
    url = {https://www.aeaweb.org/articles?id=10.1257/aer.91.3.379},
    isbn = {0002-8282},
    doi = {10.1257/aer.91.3.379},
    issn = {00028282},
    pmid = {25246403},
    arxivId = {arXiv:1011.1669v3}
}

@article{Cavallo2018ScrapedPrices,
    title = {{Scraped data and sticky prices}},
    year = {2018},
    journal = {Review of Economics and Statistics},
    author = {Cavallo, Alberto},
    number = {1},
    month = {3},
    pages = {105--119},
    volume = {100},
    publisher = {MIT Press},
    url = {https://www.mitpressjournals.org/doi/abs/10.1162/REST_a_00652},
    isbn = {1000142405274},
    doi = {10.1162/REST{\_}a{\_}00652},
    issn = {15309142},
    pmid = {21860536},
    arxivId = {arXiv:1011.1669v3}
}

@article{Waisman2017SellingTickets,
    title = {{Selling Mechanisms for Perishable Goods : An Empirical Analysis of an Online Resale Market for Event Tickets}},
    year = {2017},
    author = {Waisman, Caio},
    keywords = {also benefited from conversations, and han hong, auctions, brad larsen, cwaisman, e-mail, edu, for constant guidance and, harikesh nair, i am grateful, i have, isa chaves, liran einav, mechanism choice, pedro, perishable goods, platform design, posted prices, stanford, stanford university, student in economics, support, tim bresnahan, to my advisors, with lanier benkard}
}

@article{Gallant1987Semi-NonparametricEstimation,
    title = {{Semi-Nonparametric Maximum Likelihood Estimation}},
    year = {1987},
    journal = {Source: Econometrica},
    author = {Gallant, A Ronald and Nychka, Douglas W},
    number = {2},
    pages = {363--390},
    volume = {55},
    url = {http://www.jstor.org/stable/1913241 http://www.jstor.org/stable/}
}

@article{Zhang2013Semi-parametricRestriction,
    title = {{Semi-parametric estimation of a generalized threshold regression model under conditional quantile restriction}},
    year = {2013},
    journal = {Econometrics Journal},
    author = {Zhang, Zhengyu},
    number = {2},
    pages = {250--277},
    volume = {16},
    isbn = {13684221},
    doi = {10.1111/ectj.12005},
    issn = {13684221},
    keywords = {Maximum score method, Quantile regression, Threshold regression model, Transformation model}
}

@article{Vermeulen2010SemiparametricEfficiency,
    title = {{Semiparametric Efficiency}},
    year = {2010},
    author = {Vermeulen, Karel and Vansteelandt, S},
    url = {https://lib.ugent.be/fulltxt/RUG01/001/787/545/RUG01-001787545_2012_0001_AC.pdf}
}

@article{Aradillas-Lopez2010SemiparametricInformation,
    title = {{Semiparametric estimation of a simultaneous game with incomplete information}},
    year = {2010},
    journal = {Journal of Econometrics},
    author = {Aradillas-Lopez, Andres},
    number = {2},
    pages = {409--431},
    volume = {157},
    url = {www.elsevier.com/locate/jeconom},
    isbn = {03044076},
    doi = {10.1016/j.jeconom.2010.03.043},
    issn = {03044076},
    keywords = {Equilibrium beliefs, Game-theoretic econometric models, Semiparametric estimation, Trimming}
}

@article{Campo2011SemiparametricBidders,
    title = {{Semiparametric Estimation of First-Price Auctions with Risk-Averse Bidders}},
    year = {2011},
    journal = {The Review of Economic Studies},
    author = {Campo, S. and Guerre, E. and Perrigne, I. and Vuong, Q.},
    number = {1},
    month = {1},
    pages = {112--147},
    volume = {78},
    publisher = {Oxford University Press},
    url = {https://academic.oup.com/restud/article-lookup/doi/10.1093/restud/rdq001},
    doi = {10.1093/restud/rdq001},
    issn = {0034-6527}
}

@article{Norets2014SemiparametricModels,
    title = {{Semiparametric inference in dynamic binary choice models}},
    year = {2014},
    journal = {Review of Economic Studies},
    author = {Norets, A. and Tang, X.},
    pages = {1229--1262},
    volume = {81},
    doi = {10.1093/restud/rdt050},
    issn = {1467937X},
    keywords = {Bayesian estimation, Dynamic discrete choice models, Identification, MCMC, Markov decision processes, Semiparametric inference}
}

@book{Chang2013Simulation-BasedProcesses,
    title = {{Simulation-Based Algorithms for Markov Decision Processes}},
    year = {2013},
    author = {Chang, Hyeong Soo and Hu, Jiaqiao and Fu, Michael C. and Marcus, Steven I.},
    url = {http://link.springer.com/10.1007/978-1-4471-5022-0},
    isbn = {978-1-4471-5021-3},
    doi = {10.1007/978-1-4471-5022-0},
    issn = {1098-6596},
    pmid = {25246403},
    arxivId = {arXiv:1011.1669v3}
}

@article{Schrimpf2011SingleModels,
    title = {{Single Agent Dynamic Models}},
    year = {2011},
    author = {Schrimpf, Paul}
}

@article{Shadd2012Single-playerSameGame,
    title = {{Single-player Monte-Carlo tree search for SameGame}},
    year = {2012},
    journal = {Knowledge-Based Systems},
    author = {Shadd, Maarten and Winands, Mark and Tak, Mandy and Uiterwijk, Jos},
    pages = {3--11},
    volume = {34},
    url = {https://ac.els-cdn.com/S0950705111001869/1-s2.0-S0950705111001869-main.pdf?_tid=c1643054-e5db-11e7-bdeb-00000aab0f26&acdnat=1513811946_f095c2848692caa5595cc1a916eb9a6a},
    doi = {10.1016/j.knosys.2011.08.008},
    keywords = {Cross-entropy method, Monte-Carlo tree search, One-player game, Puzzle, SameGame}
}

@unpublished{Zheng2016SpatialIndustry,
    title = {{Spatial Competition and Preemptive Entry in the Discount Retail Industry}},
    year = {2016},
    booktitle = {SSRN},
    author = {Zheng, Fanyin},
    doi = {10.2139/ssrn.2775498},
    keywords = {C81, Chain store, Clustering, Dynamic games, Entry, L13, L81, Preemption}
}

@article{Vickrey1999SpatialDiversity,
    title = {{Spatial competition, monopolistic competition, and optimum product diversity}},
    year = {1999},
    journal = {International Journal of Industrial Organization},
    author = {Vickrey, William S},
    pages = {953--963},
    volume = {17},
    isbn = {00028282},
    doi = {10.1016/S0167-7187(98)00007-1},
    pmid = {17746758}
}

@techreport{Hoberg2016Text-BasedDifferentiation,
    title = {{Text-Based Network Industries and Endogenous Product Differentiation}},
    year = {2016},
    author = {Hoberg, Gerard and Phillips, Gordon},
    url = {http://www.journals.uchicago.edu/t-and-c}
}

@techreport{Schmieder2014The,
    title = {{The Costs of Job Displacement over the Business Cycle and Its Sources: Evidence from Germany *}},
    year = {2014},
    author = {Schmieder, Johannes F and Von Wachter, Till and Bender, Stefan},
    url = {https://www.richmondfed.org/~/media/richmondfedorg/conferences_and_events/research/2014/pdf/labor_markets_conf_2014_schmieder_paper.pdf}
}

@article{Roberts1997TheCosts,
    title = {{The Decision to Export in Colombia : An Empirical Model of Entry with Sunk Costs}},
    year = {1997},
    journal = {The American Economic Review},
    author = {Roberts, By Mark J and Tybout, James R},
    number = {4},
    pages = {545--564},
    volume = {87},
    url = {https://www.jstor.org/stable/pdf/2951363.pdf?refreqid=excelsior%3A0c1b43041b628c066772e3cc5da99ee3},
    isbn = {201822:17:44}
}

@article{Qin2014TheChina,
    title = {{The Determinants of Media Bias in China}},
    year = {2014},
    journal = {American Economic Review},
    author = {Qin, Bei and Str{\"{o}}mberg, David and Wu, Yanhui},
    number = {9},
    month = {9},
    pages = {2011},
    volume = {108},
    url = {https://pubs.aeaweb.org/doi/10.1257/aer.20170947},
    doi = {10.1257/aer.20170947},
    issn = {0002-8282}
}

@article{Harrington1991TheCartel,
    title = {{The determination of price and output quotas in a heterogeneous cartel}},
    year = {1991},
    journal = {International Economic},
    author = {Harrington, Joseph},
    url = {https://www.jstor.org/stable/2527033?casa_token=nH--qmeTlxYAAAAA:SNOJnx9VGc5Cn54xk6c8NhPgxpFcK-1Z1N0kynytddePgcvhn1F4zunZc-2hKv9WEQVS8VKjETX0421RM1GnFGJUEw84LC8zxY82XnkswkEMquXONJUsSw}
}

@article{Harrington1991TheCartelb,
    title = {{The determination of price and output quotas in a heterogeneous cartel}},
    year = {1991},
    journal = {International Economic Review},
    author = {Harrington, Joseph E},
    number = {4},
    pages = {767--792},
    volume = {32},
    url = {https://www.jstor.org/stable/2527033?casa_token=nH--qmeTlxYAAAAA:SNOJnx9VGc5Cn54xk6c8NhPgxpFcK-1Z1N0kynytddePgcvhn1F4zunZc-2hKv9WEQVS8VKjETX0421RM1GnFGJUEw84LC8zxY82XnkswkEMquXONJUsSw}
}

@article{Holmes2011TheDensity,
    title = {{The Diffusion of Wal-Mart and Economies of Density}},
    year = {2011},
    journal = {Econometrica},
    author = {Holmes, Thomas J},
    number = {1},
    pages = {253--302},
    volume = {79},
    url = {http://doi.wiley.com/10.3982/ECTA7699},
    isbn = {0012-9682},
    doi = {10.3982/ECTA7699},
    issn = {0012-9682}
}

@misc{AltugTheSupply,
    title = {{The Effect of Work Experience on Female Wages and Labour Supply}},
    booktitle = {The Review of Economic Studies},
    author = {AltuÇ§, Sumru and Miller, Robert A.},
    pages = {45--85},
    volume = {65},
    publisher = {Oxford University Press},
    url = {https://www.jstor.org/stable/2567003},
    doi = {10.2307/2567003}
}

@article{AltugTheSupplyb,
    title = {{The effect of work experience on female wages and labour supply}},
    journal = {academic.oup.com},
    author = {Altu{\u{g}}, S and Studies, RA Miller - The Review of Economic and 1998, Undefined},
    url = {https://academic.oup.com/restud/article-abstract/65/1/45/1589921}
}

@article{Conlon2013TheEstimation,
    title = {{The Empirical Likelihood MPEC Approach to Demand Estimation}},
    year = {2013},
    journal = {Working Paper},
    author = {Conlon, Christopher T.},
    number = {January 2009},
    month = {12},
    url = {http://www.ssrn.com/abstract=2331548 http://papers.ssrn.com/abstract=2331548},
    doi = {10.2139/ssrn.2331548},
    issn = {1556-5068},
    keywords = {BLP, EL, GEL, MPEC, demand estimation, finite-sample, weak instruments}
}

@misc{Iacobucci2018TheMarkets,
    title = {{The Google search case in Europe: tying and the single monopoly profit theorem in two-sided markets}},
    year = {2018},
    booktitle = {European Journal of Law and Economics},
    author = {Iacobucci, E. and Ducci, F.}
}

@unpublished{Kaplan2017TheBust,
    title = {{The housing boom and bust}},
    year = {2017},
    author = {Kaplan, Greg and Mitman, Kurt and Violante, Giovanni L},
    url = {http://www.nber.org/papers/w23694.ack},
    keywords = {Asset Pricing, Economic Fluctuations and Growth, International Finance and Macroeconomics, Labor Studies, Monetary Economics, Public Economics}
}

@article{Bergemann2015TheDiscrimination,
    title = {{The limits of price discrimination}},
    year = {2015},
    journal = {American Economic Review},
    author = {Bergemann, Dirk and Brooks, Benjamin and Morris, Stephen},
    number = {3},
    pages = {921--957},
    volume = {105},
    url = {http://dx.doi.org/10.1257/aer.20130848},
    isbn = {2034323289},
    doi = {10.1257/aer.20130848},
    issn = {00028282}
}

@article{Dolton2002TheKingdom,
    title = {{The LongâRun Effects of Unemployment Monitoring and WorkâSearch Programs: Experimental Evidence from the United Kingdom}},
    year = {2002},
    journal = {Journal of Labor Economics},
    author = {Dolton, Peter and O'Neill, Donal},
    number = {2},
    month = {4},
    pages = {381--403},
    volume = {20},
    url = {https://www.journals.uchicago.edu/doi/10.1086/338686},
    doi = {10.1086/338686},
    issn = {0734-306X}
}

@article{Markham1951TheLeadership,
    title = {{The nature and significance of price leadership}},
    year = {1951},
    journal = {The American Economic Review},
    author = {Markham, Jesse},
    number = {5},
    pages = {891--905},
    volume = {41},
    url = {https://www.jstor.org/stable/pdf/1809090.pdf}
}

@article{Bohm2017TheChange,
    title = {{The Price of Polarization: Estimating Task Prices under Routine-Biased Technical Change}},
    year = {2017},
    author = {B{\"{o}}hm, Michael J},
    url = {www.iza.org},
    keywords = {Roy Model, polarization, routine-biased technical change, task prices, wage distribution}
}

@misc{TheLiving,
    title = {{The profitable business of selling to the hard-up - Thrifty living}},
    url = {https://www.economist.com/news/united-states/21735637-dollar-general-thrives-where-low-income-families-struggle-profitable-business}
}

@article{Eizenberg2015TheAnalysis,
    title = {{The rise of fringe competitors in the wake of an emerging middle class: An empirical analysis}},
    year = {2015},
    journal = {American Economic Journal: Applied Economics},
    author = {Eizenberg, Alon and Salvo, Alberto},
    number = {3},
    pages = {85--122},
    volume = {7},
    url = {https://www.aeaweb.org/articles?id=10.1257/app.20130104}
}

@article{Goff2017TheAnd,
    title = {{The rise of market power and}},
    year = {2017},
    author = {Goff, Leonard},
    number = {December},
    pages = {1--11},
    volume = {1},
    url = {http://www.janeeckhout.com/wp-content/uploads/RMP.pdf},
    keywords = {Labor Market, Market Power, Markups, Secular Trends}
}

@article{Berry2010TracingIndustry,
    title = {{Tracing the woes: Tracing the woes: An empirical analysis of the airline industry}},
    year = {2010},
    journal = {American Economic Journal: Microeconomics},
    author = {Berry, Steven and Jia, Panle},
    isbn = {1945-7669},
    doi = {10.1257/mic.2.3.1},
    issn = {19457685}
}

@techreport{Burstein2018Tradability,
    title = {{Tradability and the Labor-Market Impact of Immigration: Theory and Evidence from the U.S. *}},
    year = {2018},
    author = {Burstein, Ariel and Hanson, Gordon and Tian, Lin and Vogel, Jonathan and Adao, Rodrigo * and Atkin, David and Caliendo, Lorenzo and Cravino, Javier and Desmet, Klaus and Dingel, Jonathan and Faber, Ben and Gaubert, Cecile and Grossman, Gene and Monras, Joan and Peters, Michael and Rossi, Esteban},
    url = {https://econ2017.sites.olt.ubc.ca/files/2018/10/pdf_seminar_paper_Burstein.pdf}
}

@article{Jia2008WhatIndustry,
    title = {{What Happens When Wal-Mart Comes to Town: An Empirical Analysis of the Discount Retailing Industry}},
    year = {2008},
    journal = {Econometrica},
    author = {Jia, Panle},
    number = {6},
    pages = {1263--1316},
    volume = {76},
    url = {https://barwick.economics.cornell.edu/Walmart_EMCA_2008.pdf http://doi.wiley.com/10.3982/ECTA6649},
    isbn = {00129682},
    doi = {10.3982/ECTA6649},
    issn = {0012-9682},
    keywords = {Chain, Wal-Mart, entry, lattice, spatial correlation}
}